2378 3840
483 174 650 226 -Θ-
1008 174 1074 239 365

59 333 162 417 ραχδις
179 333 445 420 παρειλκυσμένα
464 333 630 420 ἐμπεδοῦν
648 339 726 413 τοὺς
744 335 901 420 ὑπάτους,
923 333 979 402 καὶ
997 339 1075 414 τοὺς

58 438 303 525 ποιησομένους
324 442 386 525 τὴν
409 443 574 527 διανομὴν
598 443 723 528 άνδρας
746 441 993 508 ἀποδεικνύναι.
1040 476 1042 487 ι

126 545 199 611 LII.
245 545 343 614 Ταῦτ’
378 550 529 625 εἰπόντος
560 550 719 633 Αἰμιλίου
752 550 908 635 δεύτερος
939 546 1076 635 κληθεὶς

53 648 192 729 ’Ἇππιος
214 655 398 737 Κλαύδιος,
421 654 439 721 ὁ
462 662 508 742 τῶ
530 657 681 740 πρόσθεν
703 655 889 733 ὑπατεύσας
911 659 992 740 ἔτει,
1014 658 1075 741 την

60 755 215 824 ἐναντίαν
247 760 384 844 γνώμην
416 762 606 846 όιπεφηνατο
639 762 826 846 διδάσκων,
862 763 907 839 ὡς
939 759 1019 828 οὔθ’
1054 761 1075 844 ἡ
1103 784 1116 826 ο

60 864 166 949 βουλὴ
197 866 364 950 διανεῖμαι
390 867 431 930 τά
459 869 602 951 δημόσια
628 870 822 953 προαίρεσιν
850 871 937 954 ἐσχε·
973 869 1075 934 πάλαι

60 972 124 1057 γάρ
154 969 196 1036 δν
226 971 398 1057 εἰληφέναι
427 974 467 1037 τὰ
497 969 629 1050 δόξαντ’
662 973 745 1059 αὐτῇ
774 971 881 1051 τέλος·
924 971 997 1039 ἀλλ’
1030 975 1077 1050 εἰς

60 1079 185 1163 χρόνον
208 1074 262 1142 καί
286 1078 469 1162 διάγνωσιν
492 1076 608 1164 ἑτέραν
631 1079 827 1165 ἀνεβάλετο,
850 1089 974 1145 παῦσαι
996 1100 1077 1165 προ-

61 1181 259 1268 θυμουμένη
283 1184 344 1267 την
366 1187 440 1250 τότε
463 1194 693 1271 κατασχοῦσαν
717 1186 851 1269 στάσιν,
878 1185 920 1268 ἣν
944 1185 1076 1268 εἰσῆγεν

62 1289 80 1356 ὁ
104 1299 143 1375 τῇ
161 1291 337 1375 τυραννίδι
355 1288 529 1377 ἐπιχειρῶν
548 1291 672 1368 ὑπατος
689 1289 744 1356 καί
763 1292 844 1375 μετά
862 1300 964 1356 ταῦτα
984 1292 1078 1368 δίκας
1092 1313 1117 1354 ιο

62 1397 143 1473 δοὺς
173 1396 288 1472 καλάς·
320 1394 397 1462 ούθ’
425 1397 461 1463 οἰ
485 1398 565 1482 μετὰ
593 1400 630 1462 τὸ
658 1399 894 1483 προβούλευμα
922 1400 1112 1482 λαχόντες2

10 1501 182 1567 Βεῦὺπατοι
194 1499 289 1580 τέλος
301 1514 372 1579 τοῖς
386 1500 626 1589 ἐψηφισμένοις
640 1502 802 1569 ἐπέθεσαν
816 1503 970 1588 δρῶντες,
988 1503 1078 1594 όσων

62 1610 281 1675 εἰσελεύσεται
303 1620 415 1675 κακῶν
438 1613 485 1687 εἰς
504 1611 566 1694 τὴν
584 1613 683 1677 πόλιν
702 1609 785 1696 άρχη
805 1606 1077 1676 συνεθισθέντων

62 1717 102 1780 τδι
128 1716 226 1781 κοινά
249 1726 316 1781 τῶν
338 1718 490 1799 πενητων
513 1717 765 1804 διαλαγχάνειν·
792 1717 829 1782 αί
848 1740 884 1782 τε
906 1713 975 1802 μετ’
997 1715 1079 1782 ἐκεί-

62 1846 144 1899 νους
160 1824 394 1888 πεντεκαίδεκα
411 1823 564 1888 ὑπατεῖαι
582 1829 715 1889 πολλῶν
730 1825 845 1900 αύταίς
863 1821 1078 1909 ἐπαχθέντων
1093 1849 1118 1891 ιε

62 1928 129 1994 ὑπὸ
152 1937 212 1994 τοῦ
236 1930 345 2013 δημου
367 1931 538 1995 κινδύνων
562 1927 664 1996 οὐδὲν
682 1927 875 2015 ὑπέμειναν,
898 1930 916 1995 δ
936 1931 980 2014 μη
1001 1947 1079 1996 συν-

64 2031 160 2120 έφερε
184 2043 230 2122 τῷ
251 2035 399 2122 <κοινχῦ>
422 2036 588 2121 πράττειν,
612 2035 668 2099 διδι
691 2038 728 2101 τὸ
747 2034 824 2120 μηδ’
843 2034 964 2113 ἐξεῖναι
984 2036 1079 2118 σφίσι

64 2141 146 2206 κατά
177 2142 215 2206 τὸ
247 2142 482 2227 προβούλευμα
510 2142 589 2216 τοὺς
617 2142 807 2226 γεωμόρους
837 2139 1079 2224 ἀποδεικνύειν,

65 2245 149 2312 ἀλλὰ
176 2258 245 2324 τοῖς
266 2248 409 2333 πρώτοις
432 2245 570 2323 ἐκείνοις
592 2245 737 2322 ὑπάτοις.
783 2243 859 2310 ὥστ’
888 2244 959 2311 οὐδ’
987 2247 1114 2330 ὑμίν,3

66 2355 199 2438 ἐφησεν,
222 2349 248 2418 ὦ
274 2350 451 2439 Οὐαλέριε,
474 2351 528 2418 καί
553 2354 594 2418 σὺ
617 2354 763 2436 Αἰμίλιε,
785 2360 846 2435 γῆς
868 2350 1120 2435 άναδασμοὺςεο

65 2458 248 2545 εἰσφέρειν,
276 2458 335 2536 οὑς
358 2460 419 2525 ούκ
442 2457 595 2537 ἐπέταξεν
618 2457 699 2542 ὑμῖν
721 2460 758 2524 τὸ
782 2454 976 2542 συνέδριον,
1003 2458 1079 2522 ούτε

65 2570 173 2642 καλῶς
200 2567 281 2651 ἔχει,
309 2568 486 2651 προγόνων
515 2560 612 2630 οὖσιν
635 2563 789 2648 ἀγαθῶν,
820 2561 890 2629 οὔτ’
917 2561 1080 2648 άσφαλῶς.

66 2669 120 2737 καί
149 2669 225 2757 περί
253 2666 314 2756 μὲν
340 2680 401 2736 τοῦ
428 2672 734 2758 προβουλεύματος,
764 2670 809 2746 ὡς
837 2670 877 2734 ού
904 2674 1079 2755 κρατεῖσθε

66 2775 121 2842 ὑπ’
145 2777 249 2842 αὑτοῦ
273 2778 309 2842 οἰ
328 2777 499 2854 τοσούτοις
515 2777 657 2862 ὕστερον
674 2777 918 2852 ὑπατεύσαντες
935 2777 1080 2861 χρόνοις,

141 3011 154 3058 1
174 3003 311 3075 ὑπάτους]
330 3002 380 3059 ὑπ’
401 3004 503 3067 αύτούς
520 3003 567 3057 Ba
622 3011 637 3058 6
657 3001 778 3094 δημόσια
795 3003 946 3092 πράγματα
961 3002 983 3057 O
998 3018 1081 3071 prae-

67 3074 152 3130 terB
237 3082 252 3130 7
277 3076 401 3141 δόξαντα
418 3075 466 3128 Bb
491 3081 496 3142 1
522 3073 562 3138 εἰς
579 3072 715 3144 χρόνον”
700 3094 795 3144 ετερον
814 3074 863 3129 καί
882 3073 1034 3144 διάγνωσιν
1058 3090 1081 3128 ο.

69 3145 137 3217 Shep
138 3146 229 3200 hanus
302 3152 318 3201 9
338 3144 415 3216 εἰσή
416 3166 452 3216 αγ
454 3163 527 3202 ενο.
546 3147 649 3200 Garrer
667 3145 732 3201 obs.
726 3163 775 3236 p
791 3150 824 3200 56
899 3151 930 3199 11
950 3145 1082 3214 λαχόντες

70 3165 138 3271 Oet
156 3217 259 3272 Reiske
283 3167 416 3290 λαβόντες
433 3167 459 3270 R
482 3217 646 3290 λαβόντες
632 3213 770 3271 υπατείαν
794 3234 816 3271 ο.
837 3215 958 3305 Sylburg
1049 3220 1082 3268 14

70 3286 124 3376 (αἰ
128 3289 148 3362 >
167 3289 214 3342 Bb
288 3293 321 3342 15
346 3289 441 3350 αὐτοῖς
458 3287 510 3342 ΑΒ
584 3293 616 3342 16
636 3285 804 3378 συνεφέρετο
822 3286 955 3356 πράττειν
973 3285 998 3339 Α
1017 3303 1082 3341 συν-

70 3356 139 3430 έφερ
142 3378 155 3414 ε
173 3365 211 3432 τῶ
229 3357 401 3429 πράττεινΒ
421 3376 443 3413 σ.
459 3364 496 3432 τῷ
515 3365 600 3431 κοινῷ
618 3358 751 3428 πράττειν
765 3357 910 3428 Kiessling
965 3363 997 3412 18
1017 3358 1083 3421 τούς

68 3449 98 3485 τε
117 3381 238 3501 όμόρόυς
256 3430 458 3486 ἀποδείκνυσιν
476 3413 527 3484 Ac
591 3437 625 3484 22
645 3429 719 3499 ἔχειν
737 3429 763 3482 Α
