2424 3848
138 159 203 224 352
560 157 727 210 -Θ-

138 331 198 388 τοῦ
218 319 442 406 στρατοπέδου
461 319 573 403 φυγὴν
593 318 823 403 ἐπιβάλλοντες
841 316 970 395 ἑαυτοῖς
983 316 1153 385 ἑκούσιον·

95 492 96 495 ,
138 428 217 504 τούς
243 425 280 492 θ’
307 427 427 511 ὅρκους
453 424 737 509 ἀνακαλούμενος,
765 425 824 502 οὓς
847 426 982 508 ὤμοσαν
1004 426 1045 489 τά
1069 425 1155 491 ὅπλα

138 530 214 616 περὶ
241 541 299 616 τῆς
326 531 522 616 γειναμένης
544 532 665 608 αὐτοὺς
687 539 748 615 γῆς
770 530 1077 616 ἀναλαμβάνοντες,
1105 524 1155 610 οἷς

106 635 209 704 'luat'
236 637 338 722 αὐτῆς
365 637 492 722 ἐκείνης
518 636 709 723 ἐχρήσαντο.
760 637 928 722 τοιγάρτοι
954 641 1155 722 θαυμαστὸν

113 740 241 810 ιούὸὲν
271 746 394 828 ἔφησεν
424 742 545 820 αὐτοὺς
571 754 695 826 ποιεῖν,
726 745 757 807 εί
781 746 885 820 θεοὺς
911 739 972 826 μέν
1002 742 1156 830 έπιορκή-

141 867 267 934 σαντες,
289 850 453 933 ἡγεμόνας
477 846 513 914 δέ
537 852 781 932 καταλιπόντες,
804 852 904 915 πόλιν
923 845 953 913 δ’
973 851 1098 934 ἔρημον
1116 852 1155 916 τὸ

140 954 218 1022 καθ’
238 953 377 1032 ἑαυτούς
395 951 481 1020 εἶναι
500 954 599 1041 μέρος
617 953 765 1039 ἀφέντες,
789 952 842 1020 έπὶ
861 952 899 1019 δὲ
916 959 1058 1033 πίστεως
1075 973 1156 1039 συγ-

140 1064 234 1147 χύσει
262 1059 317 1128 καὶ
344 1064 458 1144 νόμων
485 1060 653 1146 ἀνατροπῇ
676 1058 731 1126 καί
753 1046 991 1145 πολιτεύματος
1013 1066 1156 1144 πατρίου

141 1176 257 1255 φθορᾷ
275 1167 492 1251 ποιησάμενοι
510 1169 572 1250 τὴν
589 1167 751 1251 κάθοδον,
771 1167 812 1232 οὐ
831 1168 1062 1253 μετριάζουσιν
1076 1165 1157 1234 οὐδὲ

103 1297 128 1335 10
141 1277 304 1361 χρηστοὺς
334 1274 494 1338 δύνανται
523 1277 658 1351 πολίτας
687 1271 824 1351 ἑαυτοὺς
852 1286 1052 1359 παρασχεῖν,
1081 1272 1202 1342 ἀλλ’ῖὸῖ

142 1382 210 1445 αίεί
234 1403 326 1456 τινος
348 1377 522 1465 ὀρέγονται
543 1379 734 1457 πλεονεξίας
756 1377 812 1444 καὶ
833 1383 1057 1465 παρανομίας,
1083 1377 1157 1446 τοτὲ

143 1483 204 1570 μὲν
227 1485 329 1571 ἀρχάς
352 1484 473 1564 ἐξεῖναι
497 1489 613 1571 σφίσιν
632 1484 801 1563 ἀξιοῦντες
819 1485 940 1562 αὐτοὺς
959 1483 1011 1571 ἐφ’
1028 1483 1158 1552 ἑαυτῶν

142 1591 392 1675 ἀποδεικνύναι,
414 1589 470 1655 καὶ
491 1592 611 1668 ταύτας
633 1590 890 1668 ἀνυπευθύνους
909 1601 1084 1668 ποιοῦντες
1102 1591 1159 1657 καὶ

143 1708 313 1784 παναγεῖς·
341 1691 414 1762 τοτὲ
443 1693 473 1761 δ’
499 1698 547 1773 είς
569 1696 699 1779 ἀγῶνας
721 1694 804 1784 ὑπὲρ
828 1709 894 1762 τῶν
918 1696 1064 1782 έσχάτων
1087 1723 1159 1763 κιν-

104 1824 129 1864 15
144 1803 256 1868 όύνων
283 1801 500 1879 καθιστάντες
526 1803 584 1879 οὓς
611 1802 724 1880 αὐτοῖς
746 1803 851 1881 δόξειε
874 1814 941 1868 τῶν
962 1808 1159 1888 πατρικίων,

143 1906 198 1973 καὶ
225 1909 266 1973 τά
288 1911 412 1993 νόμιμα
436 1909 644 1994 δικαστήρια,
673 1900 724 1986 οἷς
745 1908 821 1995 περὶ
843 1910 993 1975 θανάτου
1017 1908 1072 1975 καὶ
1096 1936 1159 1996 φυ-

144 2023 203 2098 γῆς
224 2015 245 2097 η
269 2018 365 2092 πόλις
386 2018 550 2102 πρότερον
572 2017 674 2082 ἔδωκε
697 2020 836 2103 κρίνειν,
859 2015 1101 2102 μεταφέροντες
1124 2015 1160 2081 ἐκ

144 2129 202 2205 τῆς
228 2121 466 2206 καθαρωτάτης
492 2126 600 2207 φυλῆς
623 2119 677 2186 έπὶ
699 2123 759 2188 τὸν
782 2123 1020 2207 ῥυπαρώτατον
1043 2125 1159 2208 όχλον·

144 2222 218 2292 τοτὲ
242 2223 279 2291 δὲ
300 2230 425 2311 νόμους
443 2226 651 2313 εἰσφέροντες
669 2228 705 2293 οί
720 2235 820 2312 θῆτες
837 2226 893 2293 καὶ
910 2226 1057 2294 ἀνέστιοι
1075 2230 1202 2297 κατάιεῖ

105 2355 131 2394 ευ
144 2343 212 2397 τῶν
240 2332 448 2419 εὐπατριδῶν
478 2336 697 2416 τυραννικοὺς
726 2332 781 2400 καὶ
810 2333 963 2418 ἀνίσους,
992 2334 1049 2399 καὶ
1080 2332 1160 2401 οὐδὲ

145 2448 205 2505 τοῦ
223 2443 469 2525 προβουλεῦσαι
487 2437 563 2524 περὶ
581 2439 691 2505 αὐτῶν
711 2440 865 2518 έξουσίαν
878 2449 917 2525 τῇ
936 2445 1043 2526 βουλῇ
1062 2465 1160 2507 κατα-

145 2550 329 2628 λείποντες,
359 2541 431 2609 άλλ’
459 2543 700 2629 ἀφαιρούμενοι
729 2544 785 2611 καὶ
814 2548 938 2630 ταύτην
968 2546 1071 2631 αὐτῆς
1101 2549 1160 2631 την

218 2707 234 2755 2
258 2698 330 2755 ὅπλα
352 2699 417 2768 περὶ
439 2707 488 2769 τῆς
506 2699 654 2770 γινομένης
671 2701 697 2754 Α
723 2701 795 2757 ὅπλα
812 2700 1071 2772 περιγινομένηςΒ
1143 2709 1157 2757 3

146 2771 217 2842 ὑπὲρ
236 2788 259 2827 ο.
279 2771 368 2827 Cobet
387 2769 452 2827 obs.
471 2790 498 2841 p.
514 2778 565 2826 182
586 2777 590 2837 Ι
611 2773 707 2836 αὐτοῖς
723 2773 777 2826 ΑΒ
850 2779 865 2828 6
885 2769 1119 2842 ἐγκαταλιπόντες
1136 2790 1157 2829 ο.

147 2843 237 2898 Cobet
253 2842 273 2898 l.
287 2841 306 2898 l.
327 2847 331 2911 Ι
353 2839 456 2911 ἔρημον
475 2839 549 2897 εἶναι
567 2843 598 2898 τὸ
617 2841 688 2898 καθ’
705 2838 822 2906 ἑαυτούς
840 2841 923 2915 μέρος
941 2843 963 2898 O
982 2843 1157 2915 transposuib

148 2912 305 2969 00b0t1.1.
371 2919 403 2967 12
423 2910 498 2968 εἶναι
516 2913 538 2965 Β
559 2916 564 2984 l
584 2915 696 2985 αὐτούς]
717 2914 804 2979 αύτάς
821 2914 844 2968 Β
863 2911 917 2984 ἀφ’
933 2909 1042 2970 έαντῶν
1060 2933 1084 2971 c.
1100 2915 1156 2984 syl-

147 2985 220 3054 burg
311 2989 344 3037 13
362 2985 449 3038 verba
466 2983 534 3038 inde
552 2985 588 3039 ab
608 2984 695 3047 αὐτὰς
711 3002 801 3054 usque
819 2985 856 3040 ad
873 2994 1022 3048 ποιοῦντες
1041 3002 1096 3040 om.
1115 2987 1156 3040 Βε
1183 3003 1186 3012 s

148 3055 212 3110 add.
231 3055 333 3123 Bbmg
413 3061 447 3109 14
469 3054 689 3128 <παναγεῖς>Β
715 3060 719 3124 Ι
744 3065 799 3110 τῶν
818 3056 914 3112 om.B
937 3059 942 3127 1
967 3055 1155 3127 αίσγίοτανθ
1187 3077 1188 3080 ’

148 3122 271 3196 ἐσχάτων
290 3125 423 3180 Gelenius
442 3125 477 3179 cf.
501 3125 673 3195 Grasberger
690 3127 768 3183 Τεεε.
782 3126 868 3184 Herb.
886 3145 914 3197 p.
930 3134 964 3182 14
989 3130 994 3195 Ι
1018 3129 1155 3183 κινδύνοιν

148 3196 250 3253 add.B
307 3202 339 3250 16
358 3196 407 3251 καλ
424 3196 470 3269 τὰ]
490 3196 604 3250 κατὰΒ
661 3203 693 3252 17
712 3195 800 3252 ἔδωκε
813 3200 921 3269 κρίνειν
935 3197 1042 3268 AOmg
1062 3195 1155 3270 ἐχρῆτο

147 3267 225 3322 Bcf.
244 3267 283 3321 IX
301 3272 380 3336 46,4
453 3275 485 3323 19
505 3267 552 3322 ὅτε
568 3268 595 3322 Α
613 3265 700 3323 ὁτέΒ
721 3271 726 3339 Ι
747 3270 863 3331 ἀνίσους
879 3268 933 3323 ΑΒ
1006 3275 1041 3324 20
1060 3289 1155 3339 τυραν-

147 3339 244 3399 νικοὺς
262 3337 312 3392 καλ
329 3339 445 3401 ἀνίσους
462 3338 512 3393 καλ
530 3338 596 3394 οὐδὲ
614 3347 664 3394 τοῦ
683 3356 737 3396 om.
756 3339 802 3393 Ba
856 3346 889 3394 21
910 3338 1153 3414 (προβουλεῦσαι)

148 3407 171 3460 Β
197 3409 201 3479 λ
226 3409 426 3472 καταλιπόντες
445 3408 467 3464 O
487 3426 556 3464 corr.
574 3409 679 3464 Reiske
