<?xml version="1.0" encoding="UTF-8"?>
<!DOCTYPE html PUBLIC "-//W3C//DTD XHTML 1.0 Transitional//EN"
    "http://www.w3.org/TR/xhtml1/DTD/xhtml1-transitional.dtd">
<html xmlns="http://www.w3.org/1999/xhtml" xml:lang="en" lang="en">
 <head>
  <title>
</title>
<meta http-equiv="Content-Type" content="text/html;charset=utf-8" />
  <meta name='ocr-system' content='tesseract 3.04.00' />
  <meta name='ocr-capabilities' content='ocr_page ocr_carea ocr_par ocr_line ocrx_word'/>
</head>
<body>
  <div class='ocr_page' id='page_1' title='image "./dionysihalicarn04diongoog_0252.png"; bbox 0 0 2424 3848; ppageno 0'>
   <div class='ocr_carea' id='block_1_1' title="bbox 506 186 672 235">
    <p class='ocr_par' dir='ltr' id='par_1_1' title="bbox 506 186 672 235">
     <span class='ocr_line' id='line_1_1' title="bbox 506 186 672 235; baseline 0 -12"><span class='ocrx_word' id='word_1_1' title='bbox 506 186 672 235; x_wconf 90' lang='lat' dir='ltr'><strong><em>-H-</em></strong></span> 
     </span>
    </p>
   </div>
   <div class='ocr_carea' id='block_1_2' title="bbox 80 342 1096 648">
    <p class='ocr_par' dir='ltr' id='par_1_2' title="bbox 80 342 1096 648">
     <span class='ocr_line' id='line_1_2' title="bbox 80 342 1096 432; baseline -0.001 -21"><span class='ocrx_word' id='word_1_2' title='bbox 80 342 146 431; x_wconf 73' lang='grc' dir='ltr'><strong><em>μὲν</em></strong></span> <span class='ocrx_word' id='word_1_3' title='bbox 169 344 301 411; x_wconf 77' lang='grc' dir='ltr'><strong><em>διέλυσε</em></strong></span> <span class='ocrx_word' id='word_1_4' title='bbox 324 347 385 430; x_wconf 82' lang='grc' dir='ltr'><strong><em>τὴν</em></strong></span> <span class='ocrx_word' id='word_1_5' title='bbox 409 343 600 430; x_wconf 77' lang='grc' dir='ltr'><strong><em>ἐκκλησίαν,</em></strong></span> <span class='ocrx_word' id='word_1_6' title='bbox 627 357 699 422; x_wconf 82' lang='grc' dir='ltr'><strong><em>ταῖς</em></strong></span> <span class='ocrx_word' id='word_1_7' title='bbox 721 344 751 411; x_wconf 88' lang='grc' dir='ltr'><strong><em>δ’</em></strong></span> <span class='ocrx_word' id='word_1_8' title='bbox 779 344 853 431; x_wconf 79' lang='grc' dir='ltr'><strong><em>ἑξῆς</em></strong></span> <span class='ocrx_word' id='word_1_9' title='bbox 878 345 1016 432; x_wconf 76' lang='grc' dir='ltr'><strong><em>ἡμέραις</em></strong></span> <span class='ocrx_word' id='word_1_10' title='bbox 1038 345 1096 432; x_wconf 76' lang='grc' dir='ltr'><strong><em>ἀρ-</em></strong></span> 
     </span>
     <span class='ocr_line' id='line_1_3' title="bbox 81 451 1095 539; baseline 0 -21"><span class='ocrx_word' id='word_1_11' title='bbox 81 456 229 539; x_wconf 88' lang='grc' dir='ltr'><strong><em>ρωστίαν</em></strong></span> <span class='ocrx_word' id='word_1_12' title='bbox 257 455 480 536; x_wconf 80' lang='grc' dir='ltr'><strong><em>σκηπτόμενος</em></strong></span> <span class='ocrx_word' id='word_1_13' title='bbox 507 451 617 518; x_wconf 79' lang='grc' dir='ltr'><strong><em>οὐκέτι</em></strong></span> <span class='ocrx_word' id='word_1_14' title='bbox 644 451 836 538; x_wconf 80' lang='grc' dir='ltr'><strong><em>κατέβαινεν</em></strong></span> <span class='ocrx_word' id='word_1_15' title='bbox 864 455 912 531; x_wconf 87' lang='grc' dir='ltr'><strong><em>είς</em></strong></span> <span class='ocrx_word' id='word_1_16' title='bbox 934 455 995 538; x_wconf 77' lang='grc' dir='ltr'><strong><em>τὴν</em></strong></span> <span class='ocrx_word' id='word_1_17' title='bbox 1018 452 1095 536; x_wconf 80' lang='grc' dir='ltr'><strong><em>ἀγο-</em></strong></span> 
     </span>
     <span class='ocr_line' id='line_1_4' title="bbox 81 556 1095 648; baseline 0 -24"><span class='ocrx_word' id='word_1_18' title='bbox 81 559 159 645; x_wconf 86' lang='grc' dir='ltr'><strong><em>ρύν,</em></strong></span> <span class='ocrx_word' id='word_1_19' title='bbox 183 556 255 624; x_wconf 82' lang='grc' dir='ltr'><strong><em>ἀλλ’</em></strong></span> <span class='ocrx_word' id='word_1_20' title='bbox 275 557 452 644; x_wconf 82' lang='grc' dir='ltr'><strong><em>ὑπομένων</em></strong></span> <span class='ocrx_word' id='word_1_21' title='bbox 471 562 571 626; x_wconf 79' lang='grc' dir='ltr'><strong><em>ἔνδον</em></strong></span> <span class='ocrx_word' id='word_1_22' title='bbox 589 559 849 645; x_wconf 79' lang='grc' dir='ltr'><strong><em>ἐπραγματεύετο</em></strong></span> <span class='ocrx_word' id='word_1_23' title='bbox 873 563 930 648; x_wconf 81' lang='grc' dir='ltr'><strong><em>βίᾳ</em></strong></span> <span class='ocrx_word' id='word_1_24' title='bbox 952 557 1007 626; x_wconf 80' lang='grc' dir='ltr'><strong><em>καὶ</em></strong></span> <span class='ocrx_word' id='word_1_25' title='bbox 1029 583 1095 646; x_wconf 79' lang='grc' dir='ltr'><strong><em>χει·</em></strong></span> 
     </span>
    </p>
   </div>
   <div class='ocr_carea' id='block_1_3' title="bbox 17 664 1136 3308">
    <p class='ocr_par' dir='ltr' id='par_1_3' title="bbox 17 664 1136 3308">
     <span class='ocr_line' id='line_1_5' title="bbox 81 664 1095 753; baseline -0.001 -21"><span class='ocrx_word' id='word_1_26' title='bbox 81 669 244 753; x_wconf 81' lang='grc' dir='ltr'><strong><em>ροκρασίρι</em></strong></span> <span class='ocrx_word' id='word_1_27' title='bbox 258 678 405 751; x_wconf 83' lang='grc' dir='ltr'><strong><em>κυρῶσαι</em></strong></span> <span class='ocrx_word' id='word_1_28' title='bbox 423 668 482 732; x_wconf 90' lang='grc' dir='ltr'><strong><em>τὸν</em></strong></span> <span class='ocrx_word' id='word_1_29' title='bbox 495 668 614 749; x_wconf 88' lang='grc' dir='ltr'><strong><em>νόμον·</em></strong></span> <span class='ocrx_word' id='word_1_30' title='bbox 633 664 688 731; x_wconf 80' lang='grc' dir='ltr'><strong><em>καὶ</em></strong></span> <span class='ocrx_word' id='word_1_31' title='bbox 707 664 925 751; x_wconf 82' lang='grc' dir='ltr'><strong><em>μετεπέμπετο</em></strong></span> <span class='ocrx_word' id='word_1_32' title='bbox 939 670 1095 732; x_wconf 84' lang='grc' dir='ltr'><strong><em>Λατίνων</em></strong></span> 
     </span>
     <span class='ocr_line' id='line_1_6' title="bbox 80 769 1136 857; baseline -0.005 -19"><span class='ocrx_word' id='word_1_33' title='bbox 80 795 118 838; x_wconf 89' lang='grc' dir='ltr'><strong><em>τε</em></strong></span> <span class='ocrx_word' id='word_1_34' title='bbox 140 769 197 838; x_wconf 83' lang='grc' dir='ltr'><strong><em>καὶ</em></strong></span> <span class='ocrx_word' id='word_1_35' title='bbox 215 770 376 857; x_wconf 78' lang='grc' dir='ltr'><strong><em>Ἑρνίκων</em></strong></span> <span class='ocrx_word' id='word_1_36' title='bbox 400 773 500 849; x_wconf 80' lang='grc' dir='ltr'><strong><em>ὅσους</em></strong></span> <span class='ocrx_word' id='word_1_37' title='bbox 522 772 662 839; x_wconf 89' lang='grc' dir='ltr'><strong><em>ἐδύνατο</em></strong></span> <span class='ocrx_word' id='word_1_38' title='bbox 681 777 855 850; x_wconf 80' lang='grc' dir='ltr'><strong><em>πλείστους</em></strong></span> <span class='ocrx_word' id='word_1_39' title='bbox 877 771 930 838; x_wconf 82' lang='grc' dir='ltr'><strong><em>ἐπὶ</em></strong></span> <span class='ocrx_word' id='word_1_40' title='bbox 952 774 1014 856; x_wconf 76' lang='grc' dir='ltr'><strong><em>τὴν</em></strong></span> <span class='ocrx_word' id='word_1_41' title='bbox 1033 782 1096 856; x_wconf 76' lang='grc' dir='ltr'><strong><em>φη·</em></strong></span> <span class='ocrx_word' id='word_1_42' title='bbox 1123 792 1136 833; x_wconf 84' lang='lat'><strong>5</strong></span> 
     </span>
     <span class='ocr_line' id='line_1_7' title="bbox 80 873 1129 966; baseline 0.002 -20"><span class='ocrx_word' id='word_1_43' title='bbox 80 882 263 965; x_wconf 87' lang='grc' dir='ltr'><strong><em>φοφορίαν.</em></strong></span> <span class='ocrx_word' id='word_1_44' title='bbox 313 879 349 943; x_wconf 90' lang='grc' dir='ltr'><strong><em>οί</em></strong></span> <span class='ocrx_word' id='word_1_45' title='bbox 377 875 415 944; x_wconf 73' lang='grc' dir='ltr'><strong><em>δὲ</em></strong></span> <span class='ocrx_word' id='word_1_46' title='bbox 447 876 615 966; x_wconf 81' lang='grc' dir='ltr'><strong><em>συνῄεσαν</em></strong></span> <span class='ocrx_word' id='word_1_47' title='bbox 648 878 785 965; x_wconf 76' lang='grc' dir='ltr'><strong><em>ἀθρόοι,</em></strong></span> <span class='ocrx_word' id='word_1_48' title='bbox 815 877 871 944; x_wconf 83' lang='grc' dir='ltr'><strong><em>καὶ</em></strong></span> <span class='ocrx_word' id='word_1_49' title='bbox 903 873 947 944; x_wconf 84' lang='grc' dir='ltr'><strong><em>δι’</em></strong></span> <span class='ocrx_word' id='word_1_50' title='bbox 976 879 1129 962; x_wconf 83' lang='grc' dir='ltr'><strong><em>ύλίγου5</em></strong></span> 
     </span>
     <span class='ocr_line' id='line_1_8' title="bbox 82 979 1096 1071; baseline -0.001 -21"><span class='ocrx_word' id='word_1_51' title='bbox 82 985 185 1070; x_wconf 80' lang='grc' dir='ltr'><strong><em>μεστὴ</em></strong></span> <span class='ocrx_word' id='word_1_52' title='bbox 208 982 312 1063; x_wconf 80' lang='grc' dir='ltr'><strong><em>ξένων</em></strong></span> <span class='ocrx_word' id='word_1_53' title='bbox 334 979 378 1068; x_wconf 75' lang='grc' dir='ltr'><strong><em>ἦν</em></strong></span> <span class='ocrx_word' id='word_1_54' title='bbox 400 985 420 1069; x_wconf 80' lang='grc' dir='ltr'><em>ἡ</em></span> <span class='ocrx_word' id='word_1_55' title='bbox 443 988 547 1063; x_wconf 87' lang='grc' dir='ltr'><strong><em>πόλις.</em></strong></span> <span class='ocrx_word' id='word_1_56' title='bbox 592 996 694 1052; x_wconf 83' lang='grc' dir='ltr'><strong><em>ταῦτα</em></strong></span> <span class='ocrx_word' id='word_1_57' title='bbox 717 987 837 1070; x_wconf 76' lang='grc' dir='ltr'><strong><em>μαθών</em></strong></span> <span class='ocrx_word' id='word_1_58' title='bbox 860 986 878 1052; x_wconf 85' lang='grc' dir='ltr'><strong><em>δ</em></strong></span> <span class='ocrx_word' id='word_1_59' title='bbox 899 985 1096 1071; x_wconf 88' lang='grc' dir='ltr'><strong><em>Οὐεργίνιος</em></strong></span> 
     </span>
     <span class='ocr_line' id='line_1_9' title="bbox 82 1089 1096 1178; baseline 0.001 -22"><span class='ocrx_word' id='word_1_60' title='bbox 82 1093 257 1178; x_wconf 80' lang='grc' dir='ltr'><strong><em>κηρύττειν</em></strong></span> <span class='ocrx_word' id='word_1_61' title='bbox 280 1089 430 1158; x_wconf 83' lang='grc' dir='ltr'><strong><em>ἐκέλευσε</em></strong></span> <span class='ocrx_word' id='word_1_62' title='bbox 452 1094 534 1158; x_wconf 83' lang='grc' dir='ltr'><strong><em>κατὰ</em></strong></span> <span class='ocrx_word' id='word_1_63' title='bbox 557 1095 635 1170; x_wconf 85' lang='grc' dir='ltr'><strong><em>τοὺς</em></strong></span> <span class='ocrx_word' id='word_1_64' title='bbox 658 1096 846 1171; x_wconf 83' lang='grc' dir='ltr'><strong><em>στενωποὺς</em></strong></span> <span class='ocrx_word' id='word_1_65' title='bbox 864 1089 996 1158; x_wconf 77' lang='grc' dir='ltr'><strong><em>ἀπιέναι</em></strong></span> <span class='ocrx_word' id='word_1_66' title='bbox 1017 1095 1096 1169; x_wconf 89' lang='grc' dir='ltr'><strong><em>τοὺς</em></strong></span> 
     </span>
     <span class='ocr_line' id='line_1_10' title="bbox 82 1197 1095 1285; baseline 0 -22"><span class='ocrx_word' id='word_1_67' title='bbox 82 1199 128 1282; x_wconf 85' lang='grc' dir='ltr'><strong><em>μὴ</em></strong></span> <span class='ocrx_word' id='word_1_68' title='bbox 151 1209 386 1276; x_wconf 89' lang='grc' dir='ltr'><strong><em>κατοικοῦντας</em></strong></span> <span class='ocrx_word' id='word_1_69' title='bbox 404 1197 441 1264; x_wconf 84' lang='grc' dir='ltr'><strong><em>ἐν</em></strong></span> <span class='ocrx_word' id='word_1_70' title='bbox 459 1209 498 1285; x_wconf 73' lang='grc' dir='ltr'><strong><em>τῇ</em></strong></span> <span class='ocrx_word' id='word_1_71' title='bbox 516 1202 622 1282; x_wconf 86' lang='grc' dir='ltr'><strong><em>πόλει,</em></strong></span> <span class='ocrx_word' id='word_1_72' title='bbox 644 1202 768 1284; x_wconf 89' lang='grc' dir='ltr'><strong><em>χρόνον</em></strong></span> <span class='ocrx_word' id='word_1_73' title='bbox 786 1199 901 1284; x_wconf 85' lang='grc' dir='ltr'><strong><em>ὁρίσας</em></strong></span> <span class='ocrx_word' id='word_1_74' title='bbox 919 1197 961 1264; x_wconf 91' lang='grc' dir='ltr'><strong><em>ού</em></strong></span> <span class='ocrx_word' id='word_1_75' title='bbox 977 1199 1095 1263; x_wconf 92' lang='grc' dir='ltr'><strong><em>πολύν.</em></strong></span> 
     </span>
     <span class='ocr_line' id='line_1_11' title="bbox 83 1299 1136 1391; baseline -0.005 -21"><span class='ocrx_word' id='word_1_76' title='bbox 83 1304 103 1370; x_wconf 86' lang='grc' dir='ltr'><strong><em>δ</em></strong></span> <span class='ocrx_word' id='word_1_77' title='bbox 127 1299 164 1368; x_wconf 69' lang='grc' dir='ltr'><strong><em>δὲ</em></strong></span> <span class='ocrx_word' id='word_1_78' title='bbox 183 1304 329 1382; x_wconf 84' lang='grc' dir='ltr'><strong><em>Κύσσιος</em></strong></span> <span class='ocrx_word' id='word_1_79' title='bbox 350 1304 509 1371; x_wconf 76' lang='grc' dir='ltr'><strong><em>τάναντία</em></strong></span> <span class='ocrx_word' id='word_1_80' title='bbox 527 1303 677 1370; x_wconf 80' lang='grc' dir='ltr'><strong><em>ἐκέλευσε</em></strong></span> <span class='ocrx_word' id='word_1_81' title='bbox 699 1306 872 1391; x_wconf 86' lang='grc' dir='ltr'><strong><em>κηρύττειν</em></strong></span> <span class='ocrx_word' id='word_1_82' title='bbox 894 1301 1096 1391; x_wconf 84' lang='grc' dir='ltr'><strong><em>παραμένειν</em></strong></span> <span class='ocrx_word' id='word_1_83' title='bbox 1110 1327 1136 1366; x_wconf 78' lang='grc' dir='ltr'><strong><em>ιο</em></strong></span> 
     </span>
     <span class='ocr_line' id='line_1_12' title="bbox 83 1408 1094 1497; baseline 0.001 -22"><span class='ocrx_word' id='word_1_84' title='bbox 83 1413 162 1487; x_wconf 85' lang='grc' dir='ltr'><strong><em>τοὺς</em></strong></span> <span class='ocrx_word' id='word_1_85' title='bbox 185 1408 379 1496; x_wconf 81' lang='grc' dir='ltr'><strong><em>μετέχοντας</em></strong></span> <span class='ocrx_word' id='word_1_86' title='bbox 400 1422 458 1497; x_wconf 75' lang='grc' dir='ltr'><strong><em>τῆς</em></strong></span> <span class='ocrx_word' id='word_1_87' title='bbox 485 1413 720 1496; x_wconf 81' lang='grc' dir='ltr'><strong><em>ἰσοπολιτείας,</em></strong></span> <span class='ocrx_word' id='word_1_88' title='bbox 749 1411 810 1489; x_wconf 81' lang='grc' dir='ltr'><strong><em>ἕως</em></strong></span> <span class='ocrx_word' id='word_1_89' title='bbox 837 1411 879 1478; x_wconf 77' lang='grc' dir='ltr'><strong><em>ἂν</em></strong></span> <span class='ocrx_word' id='word_1_90' title='bbox 903 1411 1094 1496; x_wconf 70' lang='grc' dir='ltr'><strong><em>ἐπικυρωθῇ</em></strong></span> 
     </span>
     <span class='ocr_line' id='line_1_13' title="bbox 82 1516 236 1602; baseline -0.006 -19"><span class='ocrx_word' id='word_1_91' title='bbox 82 1516 236 1602; x_wconf 87' lang='grc' dir='ltr'><strong><em>δνύμος.</em></strong></span> 
     </span>
     <span class='ocr_line' id='line_1_14' title="bbox 149 1621 1099 1711; baseline 0.003 -25"><span class='ocrx_word' id='word_1_92' title='bbox 149 1622 301 1688; x_wconf 87' lang='lat' dir='ltr'>LXXIII.</span> <span class='ocrx_word' id='word_1_93' title='bbox 336 1621 392 1700; x_wconf 80' lang='grc' dir='ltr'><strong><em>Ὡς</em></strong></span> <span class='ocrx_word' id='word_1_94' title='bbox 416 1622 447 1689; x_wconf 91' lang='grc' dir='ltr'><strong><em>δ’</em></strong></span> <span class='ocrx_word' id='word_1_95' title='bbox 469 1621 569 1690; x_wconf 79' lang='grc' dir='ltr'><strong><em>οὐδὲν</em></strong></span> <span class='ocrx_word' id='word_1_96' title='bbox 592 1624 719 1708; x_wconf 86' lang='grc' dir='ltr'><strong><em>ἐγίνετο</em></strong></span> <span class='ocrx_word' id='word_1_97' title='bbox 741 1624 854 1711; x_wconf 80' lang='grc' dir='ltr'><strong><em>πέρας,</em></strong></span> <span class='ocrx_word' id='word_1_98' title='bbox 877 1627 1045 1702; x_wconf 90' lang='grc' dir='ltr'><strong><em>δείσαντες</em></strong></span> <span class='ocrx_word' id='word_1_99' title='bbox 1063 1625 1099 1691; x_wconf 86' lang='grc' dir='ltr'><strong><em>οί</em></strong></span> 
     </span>
     <span class='ocr_line' id='line_1_15' title="bbox 30 1727 1096 1818; baseline 0 -22"><span class='ocrx_word' id='word_1_100' title='bbox 30 1791 33 1796; x_wconf 88' lang='grc'><strong><em>,</em></strong></span> <span class='ocrx_word' id='word_1_101' title='bbox 81 1733 260 1816; x_wconf 87' lang='grc' dir='ltr'><strong><em>πατρίκιοι,</em></strong></span> <span class='ocrx_word' id='word_1_102' title='bbox 283 1731 328 1814; x_wconf 78' lang='grc' dir='ltr'><strong><em>μὴ</em></strong></span> <span class='ocrx_word' id='word_1_103' title='bbox 351 1733 473 1814; x_wconf 78' lang='grc' dir='ltr'><strong><em>ψήφων</em></strong></span> <span class='ocrx_word' id='word_1_104' title='bbox 496 1727 531 1796; x_wconf 76' lang='grc' dir='ltr'><strong><em>θ’</em></strong></span> <span class='ocrx_word' id='word_1_105' title='bbox 557 1729 702 1816; x_wconf 80' lang='grc' dir='ltr'><strong><em>ἁρπαγαὶ</em></strong></span> <span class='ocrx_word' id='word_1_106' title='bbox 723 1729 779 1796; x_wconf 83' lang='grc' dir='ltr'><strong><em>καὶ</em></strong></span> <span class='ocrx_word' id='word_1_107' title='bbox 801 1742 921 1818; x_wconf 79' lang='grc' dir='ltr'><strong><em>χειρῶν</em></strong></span> <span class='ocrx_word' id='word_1_108' title='bbox 945 1729 1096 1816; x_wconf 83' lang='grc' dir='ltr'><strong><em>ἐπιβολαὶ</em></strong></span> 
     </span>
     <span class='ocr_line' id='line_1_16' title="bbox 81 1833 1135 1922; baseline -0.002 -22"><span class='ocrx_word' id='word_1_109' title='bbox 81 1834 246 1919; x_wconf 78' lang='grc' dir='ltr'><strong><em>γένωνται</em></strong></span> <span class='ocrx_word' id='word_1_110' title='bbox 264 1833 318 1900; x_wconf 80' lang='grc' dir='ltr'><strong><em>καὶ</em></strong></span> <span class='ocrx_word' id='word_1_111' title='bbox 337 1837 432 1918; x_wconf 77' lang='grc' dir='ltr'><strong><em>ἄλλα,</em></strong></span> <span class='ocrx_word' id='word_1_112' title='bbox 455 1837 517 1902; x_wconf 81' lang='grc' dir='ltr'><strong><em>ὅσα</em></strong></span> <span class='ocrx_word' id='word_1_113' title='bbox 535 1841 628 1922; x_wconf 84' lang='grc' dir='ltr'><strong><em>φιλεῖ</em></strong></span> <span class='ocrx_word' id='word_1_114' title='bbox 643 1839 735 1922; x_wconf 87' lang='grc' dir='ltr'><strong><em>βίαια</em></strong></span> <span class='ocrx_word' id='word_1_115' title='bbox 754 1841 950 1922; x_wconf 83' lang='grc' dir='ltr'><strong><em>συμβαίνειν</em></strong></span> <span class='ocrx_word' id='word_1_116' title='bbox 970 1836 1007 1904; x_wconf 96' lang='grc' dir='ltr'><strong><em>ἐν</em></strong></span> <span class='ocrx_word' id='word_1_117' title='bbox 1025 1848 1096 1915; x_wconf 81' lang='grc' dir='ltr'><strong><em>ταῖς</em></strong></span> <span class='ocrx_word' id='word_1_118' title='bbox 1110 1856 1135 1898; x_wconf 84' lang='grc' dir='ltr'><strong><em>ιε</em></strong></span> 
     </span>
     <span class='ocr_line' id='line_1_17' title="bbox 17 1941 1096 2029; baseline -0.004 -16"><span class='ocrx_word' id='word_1_119' title='bbox 17 1943 336 2022; x_wconf 80' lang='grc' dir='ltr'><strong><em>168οστασιαζούσαις</em></strong></span> <span class='ocrx_word' id='word_1_120' title='bbox 349 1941 536 2027; x_wconf 87' lang='grc' dir='ltr'><strong><em>ἐκκλησίαις</em></strong></span> <span class='ocrx_word' id='word_1_121' title='bbox 550 1942 789 2029; x_wconf 78' lang='grc' dir='ltr'><strong><em>εἰσφερομένου</em></strong></span> <span class='ocrx_word' id='word_1_122' title='bbox 808 1953 868 2010; x_wconf 86' lang='grc' dir='ltr'><strong><em>τοῦ</em></strong></span> <span class='ocrx_word' id='word_1_123' title='bbox 881 1948 999 2029; x_wconf 85' lang='grc' dir='ltr'><strong><em>νόμον,</em></strong></span> <span class='ocrx_word' id='word_1_124' title='bbox 1017 1961 1096 2009; x_wconf 90' lang='grc' dir='ltr'><strong><em>συν-</em></strong></span> 
     </span>
     <span class='ocr_line' id='line_1_18' title="bbox 83 2034 1105 2136; baseline -0.001 -21"><span class='ocrx_word' id='word_1_125' title='bbox 83 2054 193 2133; x_wconf 78' lang='grc' dir='ltr'><strong><em>ῆλθον</em></strong></span> <span class='ocrx_word' id='word_1_126' title='bbox 220 2050 267 2126; x_wconf 86' lang='grc' dir='ltr'><strong><em>είς</em></strong></span> <span class='ocrx_word' id='word_1_127' title='bbox 295 2034 332 2115; x_wconf 71' lang='grc' dir='ltr'><strong><em>τὸ</em></strong></span> <span class='ocrx_word' id='word_1_128' title='bbox 356 2048 533 2135; x_wconf 81' lang='grc' dir='ltr'><strong><em>συνέδριον</em></strong></span> <span class='ocrx_word' id='word_1_129' title='bbox 556 2051 601 2127; x_wconf 89' lang='grc' dir='ltr'><strong><em>ώς</em></strong></span> <span class='ocrx_word' id='word_1_130' title='bbox 623 2047 707 2136; x_wconf 74' lang='grc' dir='ltr'><strong><em>ὑπὲρ</em></strong></span> <span class='ocrx_word' id='word_1_131' title='bbox 731 2049 886 2116; x_wconf 81' lang='grc' dir='ltr'><strong><em>ἁπάντων</em></strong></span> <span class='ocrx_word' id='word_1_132' title='bbox 909 2049 993 2128; x_wconf 76' lang='grc' dir='ltr'><strong><em>ἅπαξ</em></strong></span> <span class='ocrx_word' id='word_1_133' title='bbox 1016 2054 1105 2134; x_wconf 79' lang='grc' dir='ltr'><strong><em>βου-’</em></strong></span> 
     </span>
     <span class='ocr_line' id='line_1_19' title="bbox 83 2151 1096 2242; baseline -0.001 -21"><span class='ocrx_word' id='word_1_134' title='bbox 83 2158 289 2240; x_wconf 84' lang='grc' dir='ltr'><strong><em>λευσύμενοι.</em></strong></span> <span class='ocrx_word' id='word_1_135' title='bbox 318 2153 456 2233; x_wconf 76' lang='grc' dir='ltr'><strong><em>’Ἁππιος</em></strong></span> <span class='ocrx_word' id='word_1_136' title='bbox 470 2152 531 2240; x_wconf 70' lang='grc' dir='ltr'><strong><em>μὲν</em></strong></span> <span class='ocrx_word' id='word_1_137' title='bbox 545 2151 608 2223; x_wconf 85' lang='grc' dir='ltr'><strong><em>οὖν</em></strong></span> <span class='ocrx_word' id='word_1_138' title='bbox 621 2167 749 2242; x_wconf 84' lang='grc' dir='ltr'><strong><em>πρώτος</em></strong></span> <span class='ocrx_word' id='word_1_139' title='bbox 763 2154 941 2241; x_wconf 74' lang='grc' dir='ltr'><strong><em>ἐρωτηθεὶς</em></strong></span> <span class='ocrx_word' id='word_1_140' title='bbox 959 2157 1096 2240; x_wconf 88' lang='grc' dir='ltr'><strong><em>γνώμην</em></strong></span> 
     </span>
     <span class='ocr_line' id='line_1_20' title="bbox 83 2262 1130 2352; baseline 0.001 -24"><span class='ocrx_word' id='word_1_141' title='bbox 83 2262 145 2328; x_wconf 87' lang='grc' dir='ltr'><strong><em>οὐκ</em></strong></span> <span class='ocrx_word' id='word_1_142' title='bbox 168 2267 220 2327; x_wconf 86' lang='grc' dir='ltr'><strong><em>εία</em></strong></span> <span class='ocrx_word' id='word_1_143' title='bbox 243 2274 427 2348; x_wconf 81' lang='grc' dir='ltr'><strong><em>συγχωρεῖν</em></strong></span> <span class='ocrx_word' id='word_1_144' title='bbox 449 2272 494 2351; x_wconf 75' lang='grc' dir='ltr'><strong><em>τῷ</em></strong></span> <span class='ocrx_word' id='word_1_145' title='bbox 523 2264 616 2352; x_wconf 78' lang='grc' dir='ltr'><strong><em>δήμω</em></strong></span> <span class='ocrx_word' id='word_1_146' title='bbox 644 2265 706 2348; x_wconf 77' lang='grc' dir='ltr'><strong><em>τὴν</em></strong></span> <span class='ocrx_word' id='word_1_147' title='bbox 730 2265 893 2348; x_wconf 77' lang='grc' dir='ltr'><strong><em>διανομὴν</em></strong></span> <span class='ocrx_word' id='word_1_148' title='bbox 916 2263 1130 2346; x_wconf 79' lang='grc' dir='ltr'><strong><em>διδύσκων,2</em></strong></span> 
     </span>
     <span class='ocr_line' id='line_1_21' title="bbox 84 2366 1136 2455; baseline -0.004 -21"><span class='ocrx_word' id='word_1_149' title='bbox 84 2369 128 2447; x_wconf 86' lang='grc' dir='ltr'><strong><em>ώς</em></strong></span> <span class='ocrx_word' id='word_1_150' title='bbox 150 2371 292 2454; x_wconf 86' lang='grc' dir='ltr'><strong><em>χαλεπὸς</em></strong></span> <span class='ocrx_word' id='word_1_151' title='bbox 310 2372 400 2434; x_wconf 81' lang='grc' dir='ltr'><strong><em>ἔσται</em></strong></span> <span class='ocrx_word' id='word_1_152' title='bbox 417 2368 473 2435; x_wconf 80' lang='grc' dir='ltr'><strong><em>καὶ</em></strong></span> <span class='ocrx_word' id='word_1_153' title='bbox 491 2368 685 2454; x_wconf 76' lang='grc' dir='ltr'><strong><em>ἀλυσιτελὴς</em></strong></span> <span class='ocrx_word' id='word_1_154' title='bbox 703 2370 858 2446; x_wconf 89' lang='grc' dir='ltr'><strong><em>σύνοικος</em></strong></span> <span class='ocrx_word' id='word_1_155' title='bbox 881 2370 977 2455; x_wconf 81' lang='grc' dir='ltr'><strong><em>ύχλος</em></strong></span> <span class='ocrx_word' id='word_1_156' title='bbox 995 2366 1096 2453; x_wconf 84' lang='grc' dir='ltr'><strong><em>ἀργὸς</em></strong></span> <span class='ocrx_word' id='word_1_157' title='bbox 1110 2389 1136 2430; x_wconf 83' lang='grc' dir='ltr'><strong><em>ω</em></strong></span> 
     </span>
     <span class='ocr_line' id='line_1_22' title="bbox 84 2471 1096 2561; baseline -0.002 -20"><span class='ocrx_word' id='word_1_158' title='bbox 84 2472 237 2552; x_wconf 75' lang='grc' dir='ltr'><strong><em>ἐθισθείς</em></strong></span> <span class='ocrx_word' id='word_1_159' title='bbox 258 2475 298 2541; x_wconf 86' lang='grc' dir='ltr'><strong><em>τδι</em></strong></span> <span class='ocrx_word' id='word_1_160' title='bbox 323 2477 465 2560; x_wconf 87' lang='grc' dir='ltr'><strong><em>δημόσια</em></strong></span> <span class='ocrx_word' id='word_1_161' title='bbox 488 2477 670 2561; x_wconf 87' lang='grc' dir='ltr'><strong><em>λιχνεύειν,</em></strong></span> <span class='ocrx_word' id='word_1_162' title='bbox 699 2474 755 2541; x_wconf 83' lang='grc' dir='ltr'><strong><em>καὶ</em></strong></span> <span class='ocrx_word' id='word_1_163' title='bbox 777 2472 882 2542; x_wconf 71' lang='grc' dir='ltr'><strong><em>οὐδὲν</em></strong></span> <span class='ocrx_word' id='word_1_164' title='bbox 906 2475 994 2541; x_wconf 86' lang='grc' dir='ltr'><strong><em>ἐύσει</em></strong></span> <span class='ocrx_word' id='word_1_165' title='bbox 1016 2471 1096 2540; x_wconf 70' lang='grc' dir='ltr'><strong><em>ποτε</em></strong></span> 
     </span>
     <span class='ocr_line' id='line_1_23' title="bbox 83 2583 1096 2669; baseline 0 -23"><span class='ocrx_word' id='word_1_166' title='bbox 83 2594 151 2648; x_wconf 81' lang='grc' dir='ltr'><strong><em>τῶν</em></strong></span> <span class='ocrx_word' id='word_1_167' title='bbox 173 2593 297 2648; x_wconf 84' lang='grc' dir='ltr'><strong><em>κοινῶν</em></strong></span> <span class='ocrx_word' id='word_1_168' title='bbox 321 2583 397 2647; x_wconf 80' lang='grc' dir='ltr'><strong><em>οὔτε</em></strong></span> <span class='ocrx_word' id='word_1_169' title='bbox 419 2583 591 2667; x_wconf 83' lang='grc' dir='ltr'><strong><em>κτημάτων</em></strong></span> <span class='ocrx_word' id='word_1_170' title='bbox 615 2583 690 2648; x_wconf 86' lang='grc' dir='ltr'><strong><em>ούτε</em></strong></span> <span class='ocrx_word' id='word_1_171' title='bbox 714 2583 891 2669; x_wconf 79' lang='grc' dir='ltr'><strong><em>χρημάτων</em></strong></span> <span class='ocrx_word' id='word_1_172' title='bbox 910 2583 958 2647; x_wconf 82' lang='grc' dir='ltr'><strong><em>ἔτι</em></strong></span> <span class='ocrx_word' id='word_1_173' title='bbox 980 2583 1096 2647; x_wconf 89' lang='grc' dir='ltr'><strong><em>κοινὸν</em></strong></span> 
     </span>
     <span class='ocr_line' id='line_1_24' title="bbox 83 2683 1098 2774; baseline -0.001 -22"><span class='ocrx_word' id='word_1_174' title='bbox 83 2685 210 2773; x_wconf 83' lang='grc' dir='ltr'><strong><em>μένειν·</em></strong></span> <span class='ocrx_word' id='word_1_175' title='bbox 245 2689 403 2773; x_wconf 86' lang='grc' dir='ltr'><strong><em>αίσχύνης</em></strong></span> <span class='ocrx_word' id='word_1_176' title='bbox 436 2686 464 2753; x_wconf 90' lang='grc' dir='ltr'><strong><em>τ’</em></strong></span> <span class='ocrx_word' id='word_1_177' title='bbox 499 2687 593 2766; x_wconf 77' lang='grc' dir='ltr'><strong><em>ἄξιον</em></strong></span> <span class='ocrx_word' id='word_1_178' title='bbox 624 2697 757 2774; x_wconf 83' lang='grc' dir='ltr'><strong><em>πρᾶγμα</em></strong></span> <span class='ocrx_word' id='word_1_179' title='bbox 790 2683 877 2754; x_wconf 77' lang='grc' dir='ltr'><strong><em>εἶναι</em></strong></span> <span class='ocrx_word' id='word_1_180' title='bbox 910 2687 1035 2771; x_wconf 81' lang='grc' dir='ltr'><strong><em>λέγων,</em></strong></span> <span class='ocrx_word' id='word_1_181' title='bbox 1066 2689 1098 2751; x_wconf 92' lang='grc' dir='ltr'><strong><em>εί</em></strong></span> 
     </span>
     <span class='ocr_line' id='line_1_25' title="bbox 83 2792 1096 2881; baseline -0.001 -23"><span class='ocrx_word' id='word_1_182' title='bbox 83 2797 236 2859; x_wconf 85' lang='grc' dir='ltr'><strong><em>Κασσίου</em></strong></span> <span class='ocrx_word' id='word_1_183' title='bbox 254 2804 514 2880; x_wconf 87' lang='grc' dir='ltr'><strong><em>κατηγοροῦντες</em></strong></span> <span class='ocrx_word' id='word_1_184' title='bbox 533 2795 577 2872; x_wconf 82' lang='grc' dir='ltr'><strong><em>ὡς</em></strong></span> <span class='ocrx_word' id='word_1_185' title='bbox 594 2796 724 2881; x_wconf 83' lang='grc' dir='ltr'><strong><em>πονηρὰ</em></strong></span> <span class='ocrx_word' id='word_1_186' title='bbox 742 2792 797 2860; x_wconf 77' lang='grc' dir='ltr'><strong><em>καὶ</em></strong></span> <span class='ocrx_word' id='word_1_187' title='bbox 810 2792 987 2879; x_wconf 82' lang='grc' dir='ltr'><strong><em>ἀσύμφορα</em></strong></span> <span class='ocrx_word' id='word_1_188' title='bbox 1002 2797 1096 2858; x_wconf 91' lang='grc' dir='ltr'><strong><em>πολι-</em></strong></span> 
     </span>
     <span class='ocr_line' id='line_1_26' title="bbox 83 2897 1134 2987; baseline -0.007 -21"><span class='ocrx_word' id='word_1_189' title='bbox 83 2900 266 2986; x_wconf 85' lang='grc' dir='ltr'><strong><em>τευομένου</em></strong></span> <span class='ocrx_word' id='word_1_190' title='bbox 289 2899 425 2967; x_wconf 79' lang='grc' dir='ltr'><strong><em>καὶτὸν</em></strong></span> <span class='ocrx_word' id='word_1_191' title='bbox 448 2903 554 2986; x_wconf 78' lang='grc' dir='ltr'><strong><em>δῆμον</em></strong></span> <span class='ocrx_word' id='word_1_192' title='bbox 578 2903 844 2987; x_wconf 79' lang='grc' dir='ltr'><strong><em>διαφθείροντος,</em></strong></span> <span class='ocrx_word' id='word_1_193' title='bbox 873 2897 969 2965; x_wconf 81' lang='grc' dir='ltr'><strong><em>ἔπειτ’</em></strong></span> <span class='ocrx_word' id='word_1_194' title='bbox 999 2897 1093 2965; x_wconf 83' lang='grc' dir='ltr'><strong><em>αύτολ</em></strong></span> <span class='ocrx_word' id='word_1_195' title='bbox 1108 2918 1134 2960; x_wconf 77' lang='grc' dir='ltr'><strong><em>νε</em></strong></span> 
     </span>
     <span class='ocr_line' id='line_1_27' title="bbox 83 3004 1096 3094; baseline -0.004 -20"><span class='ocrx_word' id='word_1_196' title='bbox 83 3017 179 3094; x_wconf 72' lang='grc' dir='ltr'><strong><em>κοινῇ</em></strong></span> <span class='ocrx_word' id='word_1_197' title='bbox 203 3008 318 3094; x_wconf 85' lang='grc' dir='ltr'><strong><em>γνώμη</em></strong></span> <span class='ocrx_word' id='word_1_198' title='bbox 341 3005 431 3074; x_wconf 85' lang='grc' dir='ltr'><strong><em>ταῦτ’</em></strong></span> <span class='ocrx_word' id='word_1_199' title='bbox 454 3006 718 3093; x_wconf 86' lang='grc' dir='ltr'><strong><em>ἐπικυρώσουσιν</em></strong></span> <span class='ocrx_word' id='word_1_200' title='bbox 737 3008 781 3085; x_wconf 86' lang='grc' dir='ltr'><strong><em>ώς</em></strong></span> <span class='ocrx_word' id='word_1_201' title='bbox 804 3008 914 3072; x_wconf 91' lang='grc' dir='ltr'><strong><em>δίκαια</em></strong></span> <span class='ocrx_word' id='word_1_202' title='bbox 936 3004 991 3071; x_wconf 80' lang='grc' dir='ltr'><strong><em>καὶ</em></strong></span> <span class='ocrx_word' id='word_1_203' title='bbox 1015 3022 1096 3089; x_wconf 90' lang='grc' dir='ltr'><strong><em>συμ-</em></strong></span> 
     </span>
     <span class='ocr_line' id='line_1_28' title="bbox 83 3109 1095 3200; baseline -0.004 -20"><span class='ocrx_word' id='word_1_204' title='bbox 83 3113 243 3200; x_wconf 78' lang='grc' dir='ltr'><strong><em>φέροντα·</em></strong></span> <span class='ocrx_word' id='word_1_205' title='bbox 276 3112 499 3198; x_wconf 77' lang='grc' dir='ltr'><strong><em>ἐνθυμεῖσθαί</em></strong></span> <span class='ocrx_word' id='word_1_206' title='bbox 527 3111 555 3180; x_wconf 93' lang='grc' dir='ltr'><strong><em>τ’</em></strong></span> <span class='ocrx_word' id='word_1_207' title='bbox 587 3115 710 3191; x_wconf 85' lang='grc' dir='ltr'><strong><em>αὐτοὺς</em></strong></span> <span class='ocrx_word' id='word_1_208' title='bbox 742 3113 861 3196; x_wconf 83' lang='grc' dir='ltr'><strong><em>ἀξιῶν,</em></strong></span> <span class='ocrx_word' id='word_1_209' title='bbox 894 3112 937 3189; x_wconf 91' lang='grc' dir='ltr'><strong><em>ώς</em></strong></span> <span class='ocrx_word' id='word_1_210' title='bbox 970 3109 1042 3178; x_wconf 85' lang='grc' dir='ltr'><strong><em>οὐδ’</em></strong></span> <span class='ocrx_word' id='word_1_211' title='bbox 1074 3112 1095 3195; x_wconf 76' lang='grc' dir='ltr'><em>ἡ</em></span> 
     </span>
     <span class='ocr_line' id='line_1_29' title="bbox 83 3219 1095 3308; baseline -0.003 -21"><span class='ocrx_word' id='word_1_212' title='bbox 83 3221 178 3308; x_wconf 82' lang='grc' dir='ltr'><strong><em>χάρις</em></strong></span> <span class='ocrx_word' id='word_1_213' title='bbox 200 3219 221 3304; x_wconf 81' lang='grc' dir='ltr'><em>ἡ</em></span> <span class='ocrx_word' id='word_1_214' title='bbox 243 3222 332 3306; x_wconf 80' lang='grc' dir='ltr'><strong><em>παρὰ</em></strong></span> <span class='ocrx_word' id='word_1_215' title='bbox 354 3231 421 3287; x_wconf 84' lang='grc' dir='ltr'><strong><em>τῶν</em></strong></span> <span class='ocrx_word' id='word_1_216' title='bbox 443 3223 609 3306; x_wconf 81' lang='grc' dir='ltr'><strong><em>πενητων,</em></strong></span> <span class='ocrx_word' id='word_1_217' title='bbox 636 3223 668 3286; x_wconf 87' lang='grc' dir='ltr'><strong><em>εί</em></strong></span> <span class='ocrx_word' id='word_1_218' title='bbox 688 3222 728 3287; x_wconf 86' lang='grc' dir='ltr'><strong><em>τδι</em></strong></span> <span class='ocrx_word' id='word_1_219' title='bbox 749 3220 846 3286; x_wconf 84' lang='grc' dir='ltr'><strong><em>κοινδ</em></strong></span> <span class='ocrx_word' id='word_1_220' title='bbox 869 3220 1095 3303; x_wconf 89' lang='grc' dir='ltr'><strong><em>διανείμαιντο</em></strong></span> 
     </span>
    </p>
   </div>
   <div class='ocr_carea' id='block_1_4' title="bbox 83 3370 1094 3512">
    <p class='ocr_par' dir='ltr' id='par_1_4' title="bbox 83 3370 1094 3512">
     <span class='ocr_line' id='line_1_30' title="bbox 107 3370 1094 3500; baseline -0.002 -67"><span class='ocrx_word' id='word_1_221' title='bbox 107 3446 113 3465; x_wconf 43' lang='grc' dir='ltr'><strong><em>Ι</em></strong></span> <span class='ocrx_word' id='word_1_222' title='bbox 157 3370 228 3500; x_wconf 59' lang='lat' dir='ltr'><strong><em>7va</em></strong></span> <span class='ocrx_word' id='word_1_223' title='bbox 248 3394 332 3447; x_wconf 75' lang='lat' dir='ltr'>supra</span> <span class='ocrx_word' id='word_1_224' title='bbox 350 3377 398 3431; x_wconf 85' lang='lat' dir='ltr'><strong>lin.</strong></span> <span class='ocrx_word' id='word_1_225' title='bbox 419 3377 514 3448; x_wconf 79' lang='lat' dir='ltr'>script.</span> <span class='ocrx_word' id='word_1_226' title='bbox 531 3378 576 3431; x_wconf 90' lang='lat' dir='ltr'><strong><em>Bb</em></strong></span> <span class='ocrx_word' id='word_1_227' title='bbox 593 3377 627 3446; x_wconf 81' lang='grc' dir='ltr'><strong><em>Ιὸ</em></strong></span> <span class='ocrx_word' id='word_1_228' title='bbox 648 3377 740 3433; x_wconf 89' lang='lat' dir='ltr'><strong>om.B</strong></span> <span class='ocrx_word' id='word_1_229' title='bbox 795 3375 1007 3430; x_wconf 77' lang='grc' dir='ltr'><strong><em>8ἀπεῖναιΒω</em></strong></span> <span class='ocrx_word' id='word_1_230' title='bbox 1062 3382 1094 3431; x_wconf 82' lang='lat'><strong><em>11</em></strong></span> 
     </span>
     <span class='ocr_line' id='line_1_31' title="bbox 83 3464 215 3512; baseline -0.015 -9"><span class='ocrx_word' id='word_1_231' title='bbox 83 3469 151 3512; x_wconf 87' lang='grc' dir='ltr'><strong><em>τεως</em></strong></span> <span class='ocrx_word' id='word_1_232' title='bbox 198 3464 215 3501; x_wconf 82' lang='lat' dir='ltr'>a</span> 
     </span>
    </p>
   </div>
   <div class='ocr_carea' id='block_1_5' title="bbox 0 0 1218 3848">
    <p class='ocr_par' dir='ltr' id='par_1_5' title="bbox 0 0 1218 3848">
     <span class='ocr_line' id='line_1_32' title="bbox 0 0 1218 3848; baseline 0 0"><span class='ocrx_word' id='word_1_233' title='bbox 0 0 1218 3848; x_wconf 95' lang='lat' dir='ltr'><strong><em> </em></strong></span> 
     </span>
    </p>
   </div>
  </div>
 </body>
</html>
