2424 3848
138 332 272 392 πολλῶν
294 324 350 391 καὶ
372 327 511 410 ἀγαθῶν
534 326 668 412 ἀνδρῶν
690 329 798 413 χύριτι
822 330 919 412 δίκην
937 327 1061 415 ἀνδρὸς
1080 329 1152 409 ἑνὸς

105 434 318 514 ὃὺπεριδεῖν.
368 437 478 498 Ταῦτα
504 431 560 498 καί
586 437 796 519 παραπλήσια
824 437 954 513 τούτοις
978 438 1082 503 είπὼν
1104 453 1207 503 τε-1456

140 545 293 605 λενταῖον
321 538 450 606 ἐκεῖνον
478 538 618 625 ἐπέθηκε
646 542 705 606 τὸν
732 544 850 626 λύγον,
878 542 929 607 ὅτι
954 546 1070 629 ψήφου
1093 541 1153 629 μὲν

141 645 355 731 ἐπαχθείσης,
383 644 441 711 ἐάν
465 645 654 712 ἀπολύσωσι
677 649 736 713 τὸν
759 648 882 732 ἀνδρα,
909 649 1025 715 διὰτὸ
1049 647 1154 734 μηδὲν

114 751 330 818 ιάδικεῖσθαι
357 755 416 818 τὸν
444 754 552 839 δήμου
578 749 634 818 ὑπ’
662 735 765 820 αύάοῦ
789 751 946 833 δόξουσιν
969 754 1153 841 ἀφεικέναι·

140 859 199 925 ε’ἀν
226 857 264 925 δὲ
292 861 487 926 κωλύσωσιν
512 859 762 945 ἐπιτελεσθῆναι
785 862 847 944 τήν
869 862 967 944 δίκην
989 873 1059 939 τοῖς
1082 864 1154 928 δεο-

96 1013 99 1020 ·
140 967 252 1051 μένοις
274 963 357 1052 ὑπὲρ
381 967 485 1032 αὐτοῦ
507 970 713 1052 φανήσονται
736 965 976 1052 κεχαρισμένοι.

205 1073 290 1138 LXI.
322 1070 546 1158 Παυσαμένου
575 1068 612 1138 δὲ
639 1083 698 1138 τοῦ
721 1076 901 1157 Μηνυκίου
928 1075 1110 1160 παρελθὼν
1137 1074 1153 1140 ὁ

140 1181 306 1267 δήμαρχος
338 1184 510 1256 Σικίννιος
542 1174 613 1244 οὔτ’
647 1178 746 1256 αὐτὸς
778 1182 842 1264 ἐφη
874 1181 1063 1266 προδώσειν
1095 1182 1155 1264 τήν

101 1311 127 1352 ιο
140 1286 335 1372 ἐλευθερίαν
365 1297 433 1352 τῶν
460 1288 613 1370 δημοτῶν
641 1286 716 1351 οὔτε
744 1296 813 1363 τοῖς
839 1287 1060 1372 προδιδοῦσιν
1089 1284 1156 1351 ἐπι-

140 1393 274 1479 τρέψειν
298 1391 394 1476 ἑκών,
418 1389 490 1457 ἀλλ’
508 1394 539 1456 εί
560 1400 604 1480 τῷ
625 1393 697 1457 ἀντι
714 1391 918 1477 παρέχουσιν
938 1391 973 1456 ολ
988 1396 1156 1477 πατρίκιοι

140 1501 199 1564 τὸν
222 1500 329 1584 ἄνδρα
354 1497 407 1564 ἐπὶ
430 1499 527 1583 δίκην
549 1509 619 1574 τοῖς
641 1500 846 1582 δημοτικοῖς,
872 1496 1059 1563 ἀναδώσειν
1081 1496 1157 1584 περὶ

141 1606 244 1671 αὐτοῦ
276 1614 406 1690 ψήφου,
439 1606 520 1670 ἄλλο
552 1602 590 1669 δὲ
620 1608 772 1689 ποιήσειν
803 1605 892 1687 παρὰ
922 1602 1013 1670 ταῦτ’
1045 1603 1156 1670 οὐδέν.

105 1713 221 1795 2μετά
243 1721 345 1778 ταῦτα
367 1711 545 1797 παρελθὼν
569 1711 586 1777 ὁ
605 1713 781 1795 Μηνύκιος
799 1707 903 1776 εἶπεν·
923 1709 1056 1795 Ἐπειδή
1075 1712 1156 1777 πάν-

102 1841 127 1882 15
141 1841 214 1901 τως,
238 1813 263 1883 ὦ
287 1819 461 1904 δήμαρχοι,
483 1826 597 1903 ψῆφον
621 1815 839 1903 ἐπενεχθῆναι
861 1815 1014 1903 περὶτοῦ
1034 1816 1157 1905 ἀνδρὸς

141 1931 388 2009 προθυμεῖσθε,
411 1921 520 2009 μηθὲν
543 1925 604 2002 ἐξω
626 1933 686 1989 τοῦ
709 1922 910 2008 ἐγκλήματος
932 1935 1156 2009 κατηγορεῖτε·

142 2027 213 2095 ἀλλ’
245 2030 358 2115 ἐπειδή
385 2031 560 2116 τυραννίδι
587 2031 690 2096 αὐτὸν
716 2029 894 2115 ἐπιχειρεῖν
921 2032 1158 2114 είσηγγείλατε,

141 2145 238 2202 τοῦτο
268 2139 437 2203 διδάσκετε
465 2135 520 2202 καὶ
546 2135 622 2219 περὶ
648 2138 768 2202 τούτου
796 2138 854 2213 τὰς
879 2140 1004 2212 πίστεις
1030 2133 1207 2221 φέρετειίο·

142 2245 250 2325 λόγων
279 2240 331 2327 δ’,
359 2237 406 2309 ὧν
435 2243 536 2308 αὐτὸν
564 2245 715 2308 αίτιάσθε
741 2243 824 2308 κατά
850 2250 910 2306 τοῦ
938 2243 1045 2326 δήμου
1075 2245 1158 2330 πρὸς

102 2374 128 2413 το
141 2349 202 2432 τήν
230 2351 357 2434 βουλήν
384 2351 505 2432 εἰπεῖν,
532 2351 611 2432 μήτε
640 2349 810 2433 μέμνησθε
833 2351 913 2432 μήτε
935 2359 1157 2432 κατηγορεῖτε.

141 2453 302 2538 ἀφεῖσθαι
329 2456 392 2542 γὰρ
421 2455 524 2520 αὐτὸν
552 2454 737 2540 ἐψηφίσατο
765 2455 886 2538 ταύτης
911 2463 968 2538 τής
990 2456 1098 2531 αίτίας
1120 2457 1158 2521 τὸ

142 2560 332 2646 συνέδριον,
350 2559 405 2626 καὶ
419 2559 473 2626 ἐπὶ
487 2562 597 2646 ῥητοῖς
610 2562 703 2645 ήκειν
717 2563 764 2637 είς
777 2562 836 2626 τὸν
852 2562 958 2644 δῆμον
972 2559 1157 2626 ἐδικαίωσε.

107 2666 196 2742 3καὶ
229 2668 309 2752 μετὰ
341 2663 429 2733 τοῦτ’
461 2665 589 2750 ἀνέγνω
621 2670 658 2733 τὸ
688 2667 931 2752 προβούλευμα.
977 2665 995 2731 ὁ
1023 2662 1086 2750 μὲν
1115 2669 1157 2752 δή

140 2771 232 2841 ταῦτ’
261 2774 362 2839 είπών
389 2797 424 2838 τε
452 2771 507 2838 καί
530 2772 832 2860 ἐπιμαρτυράμενος
854 2770 983 2857 κατέβη.
1028 2784 1096 2838 τῶν
1121 2770 1159 2838 δὲ

102 2905 128 2946 ιε
143 2880 319 2966 δημάρχων
344 2890 472 2963 πρῶτος
495 2875 555 2964 μὲν
578 2877 709 2944 διέθετο
732 2880 794 2963 τήν
816 2882 1015 2963 κατηγορίαν
1040 2879 1159 2945 Σικίν-

214 3077 228 3123 1
255 3072 338 3139 δίκην
363 3069 385 3124 0
411 3068 527 3140 ἀδίκημ’
552 3086 575 3126 ο.
600 3069 743 3140 Kiessling
820 3076 836 3124 2
862 3069 897 3124 τὰ
922 3069 1107 3140 παραπλήσιοι
1135 3089 1158 3129 ο.

142 3141 284 3211 Kiessling
356 3147 374 3194 4
393 3135 565 3211 ἐπαχθείσης
583 3142 605 3196 Ο
625 3137 825 3212 ἐπενεχθείσης
842 3140 995 3211 Kiessh'ng,
1015 3141 1066 3195 sed
1084 3141 1159 3196 nihil

142 3213 291 3265 adnoiavit
364 3218 395 3265 11
422 3210 592 3281 παρέχουσιν
615 3212 662 3266 Bb
686 3229 771 3281 supra
793 3211 843 3266 lin.
863 3211 958 3283 script.
1034 3219 1067 3268 16
1092 3217 1160 3283 post

141 3289 319 3352 κατηγορεῖτε
339 3286 493 3350 sequuntur
510 3284 597 3336 verba
615 3284 796 3351 ἀφεῖσθαι-
809 3284 858 3338 τὸν
876 3285 975 3354 δῆμον,
990 3283 1068 3351 quod
1082 3285 1160 3339 oculi

142 3355 309 3407 aberrarunt
327 3357 352 3406 A
371 3355 404 3407 cf.
424 3353 535 3407 Ritschl
553 3371 648 3422 opusc.
667 3353 736 3423 phil.
754 3354 767 3406 I
786 3360 837 3409 485
894 3361 926 3408 19
945 3356 1035 3424 λόγων
1055 3355 1087 3410 δὲ
1108 3358 1160 3412 αύ-

141 3424 190 3479 τδν
209 3421 247 3478 ὧν
266 3424 291 3476 A
345 3431 378 3477 22
398 3420 544 3480 ἐδικαίωσε
562 3425 585 3478 Β
605 3420 844 3480 έπιδικαιῶσαιΑ
899 3432 932 3480 25
952 3427 1124 3489 ΣικίνιοςΒ
