2424 3848
525 187 692 240 -Θ-
1049 186 1114 251 399

103 357 193 437 φορᾷ
215 358 301 434 σφᾶς
324 349 443 426 αὐτοὺς
467 341 606 436 ᾐτιῶντο
628 356 687 432 τῆς
710 347 913 435 ἀφροσύνης,
935 347 990 414 καὶ
1014 345 1115 416 οὐδέν

104 459 151 522 ἔτι
173 457 472 540 παρακινδυνεύειν
496 454 684 541 ἐπειρῶντο.
722 457 757 521 οί
773 451 810 519 δὲ
828 455 886 531 τάς
905 454 940 520 έν
959 456 1114 546 ὑπαίθρῳ

105 564 259 650 στρατιάς
282 563 507 629 Οὐολούσκων
528 585 563 627 τε
586 560 641 628 καί
664 564 823 628 Αἰκανῶν
845 564 974 649 ἔχοντες
996 562 1115 648 ἡγεμό-

103 693 169 755 νες,
191 672 443 754 πυνθανόμενοι
467 669 507 735 τά
529 671 634 735 οἰκεῖα
657 668 887 754 πολεμούμενα
910 672 1067 752 γενναῖόν
1085 692 1117 734 τι

103 775 158 841 καὶ
181 771 274 842 οὗτοι
297 777 382 863 δράν
405 774 664 861 ἐβουλεύσαντο,
687 775 887 853 ἀναστάντες
910 776 945 842 ἐκ
967 785 1025 861 τῆς
1043 774 1117 863 Ἑρ·
1141 799 1155 841 ε

33 885 206 952 194ονίκων
235 905 269 948 τε
296 879 352 948 καὶ
374 885 531 947 Λατίνων
557 890 618 966 γῆς
645 879 698 947 ἐπὶ
725 883 786 965 τὴν
803 879 930 966 Ῥώμην
955 883 1049 965 ἀγειν
1072 883 1117 959 ὡς

103 984 194 1074 εἶχον
216 989 319 1075 ὀργῆς
340 1011 375 1054 τε
398 986 453 1053 καὶ
475 988 607 1073 τάχους,
629 990 688 1054 τὸν
708 990 860 1074 στρατόν,
883 989 964 1053 κατά
983 988 1115 1054 τοιάνδε

102 1096 177 1159 τινά
199 1091 255 1160 καὶ
279 1092 374 1160 αὐτοὶ
397 1093 510 1179 δόξαν,
533 1095 583 1160 ότι
602 1095 697 1159 δυεῖν
716 1095 823 1181 ἔργων
842 1099 952 1160 καλών
970 1094 1115 1180 θάτερον

103 1200 215 1277 αὐτοῖς
235 1207 445 1287 κατορθῶσαι
468 1199 622 1287 ὑπάρξει,
645 1200 670 1286 ἢ
693 1200 755 1283 τὴν
772 1196 900 1284 Ῥώμην
923 1201 1115 1287 ἀφύλακτον

103 1301 209 1372 οὐσαν
237 1304 340 1392 ἑλεῖν,
367 1306 388 1392 ἢ
415 1309 494 1385 τοὺς
515 1309 695 1392 πολεμίους
718 1304 754 1371 ἐκ
776 1315 833 1390 τῆς
856 1304 982 1373 ἑαυτῶν
1005 1307 1114 1392 χώρας
1128 1331 1153 1370 ιο

103 1411 267 1498 ἐκβαλεῖν,
290 1413 335 1491 ώς
352 1413 394 1497 δὴ
413 1424 479 1479 τῶν
496 1412 633 1478 ὑπάτων
651 1410 1000 1497 ἀναγκασθησομένων
1018 1418 1115 1479 πολε-

103 1517 251 1607 μουμένη
270 1528 309 1606 τῇ
327 1521 461 1606 πατρίδι
479 1523 630 1605 βοηθεῖν.
662 1527 764 1585 ταῦτα
783 1516 1018 1602 διανοηθέντες
1031 1515 1152 1605 ἦγον4

103 1627 164 1710 τὴν
192 1627 350 1713 στρατιάν
377 1625 642 1712 ἐπιταχύνοντες,
669 1623 714 1690 ἵν’
742 1624 774 1704 ἐξ
802 1623 1054 1713 ἀπροσδοκήτου
1075 1634 1114 1711 τῇ

101 1735 196 1798 πόλει
219 1731 437 1817 συμμίξαντες
459 1731 563 1809 εὐθὺς
586 1735 686 1820 ἔργον
709 1735 869 1819 έχωνταιω

168 1838 283 1904 LXXI.
311 1836 525 1924 Ἀφικόμενοί
544 1862 578 1905 τε
603 1838 697 1926 μέχρι
721 1840 871 1905 Τύσκλου
894 1843 1032 1924 πόλεως,
1054 1864 1113 1925 μα-
1128 1859 1154 1902 15

102 1948 221 2022 θόντες
256 1945 317 2010 τὸν
353 1948 531 2032 περίβολον
565 1954 623 2029 τῆς
650 1943 774 2031 Ῥώμης
807 1945 888 2011 ὅλον
918 1947 1115 2029 πληθύοντα

102 2051 231 2138 ὑπλων,
253 2048 309 2128 καί
329 2053 394 2139 πρὸ
417 2061 485 2117 τῶν
507 2055 623 2117 πυλών
644 2047 799 2136 τέτταρας
822 2047 1114 2136 ἐξεστρατευμένας

102 2161 253 2246 σπείρας,
276 2156 411 2244 ἀνδρῶν
435 2153 615 2235 ἑξακοσίων
638 2152 789 2240 ἑκάστην,
812 2163 870 2239 τῆς
892 2152 953 2241 μὲν
976 2154 1030 2221 ἐπὶ
1053 2157 1113 2240 τὴν

96 2261 223 2350 Ῥώμην
244 2264 327 2331 ὁδοῦ
346 2262 584 2350 ἀπετράποντο,
607 2257 717 2347 τὴνδ’
736 2261 802 2327 ὑπὸ
821 2270 859 2348 τῇ
878 2264 972 2327 πόλει
990 2262 1114 2348 χώραν,

25 2369 143 2455 1941ἣν
171 2370 208 2438 ἐν
235 2378 274 2455 τη
301 2368 446 2458 προτέρᾳ
471 2366 654 2455 παρέλιπον
682 2369 832 2452 εἰσβολῇ,
862 2366 1114 2452 ἐγκαθεζόμενοι
1127 2389 1154 2430 εο

102 2474 233 2564 ἐδῄουν.
280 2473 496 2561 ἐπιφανέντος
523 2474 554 2541 δ’
581 2475 694 2552 αὐτοῖς
719 2471 865 2560 θατέρου
888 2484 955 2539 τῶν
978 2473 1149 2544 ὑπάτων2

101 2584 247 2648 Λευκίου
274 2584 463 2668 Λοκρητίου
489 2579 545 2647 καὶ
570 2578 717 2666 θεμένου
744 2581 805 2664 τὴν
832 2582 1045 2667 παρεμβολὴν
1072 2581 1114 2646 οὐ

101 2691 214 2775 πρόσω
242 2687 347 2752 καλὸν
373 2685 598 2772 ὑπολαβόντες
625 2683 710 2753 εἶναι
736 2689 870 2773 καιρόν,
896 2684 976 2774 πρὶν
999 2686 1113 2753 ἐλθεῖν

101 2802 146 2883 τῷ
165 2794 340 2883 Λοκρητίῳ
363 2794 424 2878 την
447 2791 563 2881 ἑτέραν
576 2792 745 2880 Ῥωμαίων
765 2796 909 2880 δύναμιν
928 2794 1113 2879 σύμμαχον,

100 2897 139 2986 ἧς
167 2900 367 2986 Οὐετούριος
397 2899 526 2985 ἡγεῖτο,
557 2902 705 2981 συνάψαι
734 2900 857 2987 μάχην,
882 2897 1027 2985 θέμενοι
1055 2900 1113 2976 τάς
1126 2917 1152 2960 ω

101 3006 285 3082 ἀποσκευάς
313 3003 367 3071 ἐπὶ
394 3008 502 3091 λόφου
529 3009 620 3085 τινὸς
646 3005 702 3073 καὶ
729 3008 791 3073 δύο
820 3009 954 3094 σπείρας
976 3003 1026 3071 ἐπ’
1053 3005 1113 3071 αὐ-

100 3126 172 3192 ταῖς
194 3111 440 3197 καταλιπόντες,
465 3114 501 3179 οί
521 3110 632 3179 λοιποὶ
653 3118 828 3200 προῆλθον
851 3115 899 3190 είς
921 3114 957 3178 τὸ
980 3113 1111 3178 πεδίον·

172 3313 187 3361 3
208 3299 323 3360 ἐκείνων
341 3304 439 3360 τεκαὶ
457 3303 480 3358 Ο
501 3303 685 3359 Οὐολούσκων
703 3323 732 3358 τε
752 3303 801 3358 καί
819 3303 939 3374 Sylburg
1006 3309 1113 3358 ἐπυν-

100 3375 302 3452 <θανόμ>ενοι
320 3377 341 3430 Β
423 3379 440 3429 ό
463 3374 513 3430 καλ
530 3375 611 3429 αὐτοὶ
629 3394 653 3430 ο.
672 3374 836 3429 dubitanter
854 3373 998 3442 Kiessling
1077 3380 1111 3430 19

99 3448 151 3518 τὴν
171 3447 203 3503 δὲ
227 3443 257 3503 έν
271 3453 305 3517 τῇ
322 3443 446 3523 προτέρᾳ
459 3445 539 3501 πόλει
552 3446 646 3516 χώραν
660 3443 678 3513 ἢ
694 3440 725 3500 ἒν
739 3465 772 3518 τη
786 3444 910 3522 προτέρᾳ
926 3444 948 3499 0
962 3447 1075 3515 praeter
1084 3444 1110 3498 Β
