2424 3848
496 203 661 256 -Θ-
1018 204 1083 268 377

70 366 281 430 διελθουσῶν
311 364 459 453 ἡμερῶν,
486 365 525 442 ἃς
549 364 740 431 ἐσπείσαντο
763 373 869 450 ταφῆς
890 388 925 430 τε
948 375 1014 431 τῶν
1037 368 1086 431 οί-

69 475 170 537 κείων
196 483 325 558 νεκρῶν
353 469 408 538 καί
435 474 615 558 θεραπείας
645 482 712 536 τῶν
740 475 950 556 κεκμηκότων
978 470 1086 558 ἕνεκα,

69 576 375 664 παρεσκευασμένοι
397 579 437 642 τά
460 580 508 655 είς
529 580 588 644 τὸν
610 581 757 662 πόλεμον
781 576 989 664 ἐλλείποντα,
1019 577 1086 645 έπέ-

70 708 133 768 ραν
171 685 379 767 ἠγωνίσαντο
416 684 525 770 μάχην
561 682 637 768 περὶ
672 693 717 772 τῷ
751 681 920 769 Ῥωμαίων
956 685 1084 771 χάρακι.

68 791 322 875 προσελθούσης
349 791 412 875 γάρ
440 792 541 873 άλλης
569 790 740 874 δυνάμεως
766 801 836 868 τοῖς
860 777 1126 892 ούολούσκοις25

70 918 104 961 τε
131 894 187 961 καί
209 899 370 974 Αἰκανοῖς
392 895 428 962 ἐκ
451 907 519 961 τῶν
541 894 633 982 πέριξ
657 898 790 983 χωρίων
813 897 854 962 οὐ
878 898 934 962 διά
957 909 1086 984 μακροῦ

71 1003 195 1086 όντων,
223 1000 379 1086 ἐπαρθείς
407 1003 426 1069 ό
455 1003 636 1090 στρατηγὸς
663 1001 788 1086 αὐτῶν,
816 1002 867 1067 ὅτι
891 1001 948 1067 καὶ
969 1025 1087 1069 πεντα-

71 1108 205 1175 πλάσιοι
229 1120 296 1174 τῶν
318 1111 487 1193 πολεμίων
508 1104 595 1193 ἦσαν
618 1108 654 1174 οί
673 1106 840 1196 σφέτεροι,
863 1113 923 1193 την
946 1132 981 1174 τε
1004 1130 1087 1196 παρ-

72 1216 218 1299 εμβολὴν
254 1225 321 1280 τῶν
352 1212 521 1299 Ῥωμαίων
556 1214 617 1281 ούκ
651 1212 688 1280 ἐν
720 1213 827 1303 ἐχυρῷ
860 1210 965 1282 οὖσαν
998 1216 1087 1299 δρῶν

72 1321 248 1407 κράτιστον
284 1319 448 1404 ὑπέλαβεν
487 1315 573 1386 εἶναι
608 1321 726 1406 καιρὸν
758 1318 935 1405 ἐπιχειρεῖν
967 1321 1088 1399 αὐτοῖς.
1102 1345 1128 1386 ιο

24 1423 278 1511 εῡόένθυμηθεὶς
306 1423 343 1492 δὲ
369 1435 473 1492 ταῦτα
499 1424 575 1512 περὶ
598 1424 699 1510 μέσας
721 1427 842 1504 νύκτας
865 1422 924 1511 ἦγε
945 1428 1007 1511 την
1031 1430 1088 1493 δύ-

74 1556 177 1617 ναμιν
201 1531 254 1599 ἐπὶ
276 1535 335 1599 τὸν
358 1533 485 1619 χάρακα
507 1542 575 1598 τῶν
593 1529 774 1617 Ῥωμαίων,
796 1530 851 1599 καὶ
870 1535 980 1623 κύκλῳ
997 1554 1089 1621 περι-

75 1641 196 1723 στήσας
216 1638 385 1728 ἐφρούρει,
407 1641 451 1724 μη
471 1639 610 1705 λάθοιεν
628 1637 791 1717 ἀπιόντες.
827 1641 845 1706 δ
866 1636 903 1705 δέ
922 1642 1124 1724 Κοίντιος,3

75 1745 120 1822 ὡς
142 1747 247 1830 έμαθε
268 1756 336 1812 τῶν
358 1748 526 1830 πολεμίων
544 1747 582 1811 τὸ
601 1751 741 1831 πλῆθος,
765 1746 938 1832 ἀγαπητῶς
957 1744 1088 1826 ἐδέξατο
1152 1771 1159 1781 ·

75 1850 131 1917 καὶ
152 1854 354 1936 περιμείνας,
377 1851 439 1929 ἕως
460 1849 566 1939 ἡμέρα
588 1847 616 1916 τ’
641 1849 771 1936 ἐγένετο
794 1851 850 1919 καὶ
872 1854 942 1941 όλρα
959 1858 1089 1938 πληθυ-
1103 1875 1130 1917 ιι

76 1957 177 2041 ούσης
200 1954 329 2041 μάλιστ’
352 1957 491 2045 ἀγοράς,
514 1958 701 2043 κάμνοντας
722 1961 786 2043 ἤδη
810 1962 888 2036 τοὺς
910 1964 1090 2044 πολεμίους

75 2066 277 2147 αἰσθόμενος
303 2063 369 2128 ὑπό
395 2060 422 2128 τ’
451 2063 636 2149 ἀγρυπνίας
658 2062 713 2130 καὶ
735 2064 1005 2149 ἀκροβολισμῶν,
1031 2063 1087 2129 καὶ

76 2168 117 2236 ού
140 2169 222 2233 κατά
245 2172 364 2254 λόχους
387 2165 467 2235 οὐδὲ
486 2169 522 2236 ἐν
540 2168 629 2247 τάξει
647 2170 886 2261 προσάγοντας,
909 2168 993 2234 ἀλλὰ
1011 2173 1090 2234 πολ-

77 2280 159 2362 λαχῇ
182 2272 383 2361 κεχυμένους
406 2272 460 2341 καὶ
479 2276 658 2363 σποράδας,
682 2274 815 2353 ἀνοίξας
831 2275 889 2352 τὰς
907 2275 1012 2352 πύλας
1030 2284 1090 2341 τοῦ

76 2383 219 2469 χάρακος
249 2380 426 2468 ἐξέδραμεν
456 2383 523 2467 άμα
552 2394 622 2460 τοῖς
652 2379 831 2459 ἐπιλέκτοις
857 2392 924 2446 τῶν
953 2377 1091 2446 ἱππέων·
1104 2405 1131 2446 εο

77 2487 132 2554 καὶ
164 2488 200 2554 ol
228 2485 319 2566 πεζοὶ
349 2489 582 2565 πυκνώσαντες
612 2491 691 2564 τοὺς
719 2490 840 2572 λόχους
868 2487 1090 2572 ἠκολούθουν.

78 2595 112 2661 οί
134 2591 171 2659 δέ
195 2593 402 2660 Οὐολοῦσκοι
426 2591 685 2679 καταπλαγέντες
708 2593 818 2659 αὐτῶν
836 2596 873 2660 τὸ
892 2593 1019 2680 θράσος
1036 2591 1127 2666 καὶ4

77 2703 115 2766 τὸ
148 2701 289 2784 μανικὸν
317 2709 375 2785 της
404 2698 529 2785 ἐφόδου
559 2703 688 2786 βραχὺν
717 2699 952 2786 ἀνασχόμενοι
968 2703 1092 2787 χρόνον

78 2805 324 2892 ἀνακρούονταί
343 2829 377 2871 τε
401 2804 456 2871 καὶ
479 2807 546 2890 άμα
568 2806 802 2894 ὑποχωροῦσιν
825 2806 889 2871 άπὸ
912 2815 972 2871 τοῦ
991 2805 1091 2893 χάρα-

78 2935 135 2989 κος
166 2914 224 2978 καί
247 2949 282 2958 -
309 2906 352 2994 ἦν
384 2911 447 2999 γάρ
479 2936 529 2989 τις
561 2912 602 2979 οὐ
631 2915 745 3004 πρόσω
775 2923 835 2979 τοῦ
866 2909 1090 2998 στρατοπέδου
1105 2934 1131 2977 τε

79 3021 183 3104 λόφος
200 3017 327 3100 ύύηλὸς
346 3016 496 3096 ἐπιεικῶς
513 3055 550 3066 -
567 3021 615 3095 είς
632 3029 751 3085 τοῦτον
770 3012 833 3084 οὖν
851 3015 1091 3103 ἀνατρέχουσιν

150 3321 166 3369 2
190 3323 298 3384 νεκρῶν
318 3316 382 3372 add.
402 3316 425 3369 B
503 3321 519 3368 3
542 3314 824 3385 παρασκευασάμενοι
841 3314 865 3367 Β
942 3320 959 3367 4
981 3320 1019 3388 τῷ
1037 3324 1092 3371 τῶν

76 3383 111 3442 Ῥ.
137 3385 159 3440 Ο
178 3388 291 3456 praeter
309 3388 331 3441 Β
440 3392 456 3441 8
479 3405 509 3441 τε
533 3403 586 3441 om.
606 3385 652 3440 Ba
760 3392 795 3440 24
817 3405 846 3441 τε
866 3387 896 3440 et
914 3384 973 3456 ἅμα
996 3404 1049 3442 om.
1068 3387 1092 3440 B

79 3463 115 3512 24
138 3452 238 3512 ἕκτου
256 3458 380 3530 χάρακος
396 3458 422 3511 A
495 3463 529 3512 26
553 3453 603 3512 ούν
623 3473 677 3514 om.
696 3457 719 3510 B
