2424 3848
501 179 668 230 ,Θ-

77 343 110 406 εί
140 342 213 406 τότε
244 340 280 405 οί
310 336 476 425 Τυρρηνοὶ
507 349 574 403 τῶν
602 337 638 404 ἐκ
665 348 724 405 τοῦ
752 339 894 424 χάρακος
921 337 1091 424 ὠφελειῶν

77 447 292 533 ὑπεριδόντες
327 444 363 510 ἐκ
395 445 498 521 ποδὸς
529 455 598 520 τοῖς
628 445 813 530 φεύγουσιν
844 440 1092 530 ἠκολούθησαν,

78 549 178 618 άπασ’
205 551 247 618 άν
271 549 455 636 διέφθαρτο
478 550 498 632 ἡ
523 552 747 636 στρατεύσασα
770 546 819 616 ἐπ’
847 549 968 628 αὐτοὺς
991 552 1092 617 δύνα-

78 685 150 744 μις,
176 667 241 724 νῦν
270 653 417 744 δὲπρὸς
443 655 591 742 ἁρπαγάς
617 680 652 722 τε
675 668 742 723 τῶν
765 654 1093 742 ἐγκαταλειφθέντων

32 765 117 839 ςοοέν
146 773 192 852 τςθ
223 764 341 850 χάρακι
370 765 570 849 τραπόμενοι
599 761 655 828 καὶ
682 763 866 829 ἀναπαύσει
892 765 932 829 τδι
960 765 1093 849 σώματα
1120 787 1133 827 ι

79 873 196 946 δόντες
222 869 367 954 μεγάλου
393 869 581 954 αὐχήματος
603 867 741 947 ἑαυτοὺς
763 867 950 954 ἐστέρησαν.
996 879 1035 955 τῇ
1059 865 1089 936 δ’

79 975 154 1061 ἑξῆς
180 974 287 1062 ἡμέρα
313 977 371 1052 τὰς
396 976 554 1059 δυνάμεις
576 977 712 1060 άγοντες
734 973 788 1040 ἐπὶ
810 975 871 1058 την
889 973 1017 1060 Ῥώμην
1039 974 1095 1041 καὶ

80 1084 237 1160 σταδίους
260 1079 345 1166 ἀμφὶ
367 1085 445 1159 τοὺς
468 1080 640 1148 ἑκκαίδεκα
662 1080 862 1167 ἀποσχόντες
884 1084 973 1167 όρος,
996 1080 1029 1160 ἐξ
1053 1077 1094 1147 οὗ

80 1190 244 1266 σύνοπτός
284 1187 374 1253 ἐστιν
404 1188 425 1272 ἡ
453 1187 578 1273 Ῥώμη,
614 1190 652 1254 τὸ
684 1189 893 1272 καλούμενον
921 1185 1094 1271 Ἰάνικλον,

80 1291 402 1379 καταλαμβάνονται,
421 1293 504 1360 ὅθεν
523 1295 709 1380 ὁρμώμενοι
727 1295 788 1378 την
800 1292 970 1378 Ῥωμαίων
984 1295 1095 1379 χώραν
1109 1317 1135 1358 ιο

81 1397 167 1486 ηγόν
189 1423 224 1466 τε
247 1399 302 1466 καὶ
325 1404 446 1488 ἔφερον
468 1401 632 1468 ἀκώλυτοι
655 1404 737 1467 κατὰ
759 1403 887 1486 πολλὴν
909 1411 977 1466 τῶν
995 1402 1095 1467 ἔνδον

81 1509 285 1593 ὑπεροψίαν,
318 1505 413 1594 μέχρι
440 1517 501 1574 τοῦ
528 1505 775 1593 παραγενέσθαι
801 1509 861 1574 τὸν
888 1506 1002 1593 ἕτερον
1029 1518 1096 1572 τῶν
1146 1556 1156 1569 .

81 1611 220 1679 ὑπάτων
238 1610 392 1698 Ὁράτιον
415 1615 539 1698 άγοντα
561 1615 623 1698 την
641 1613 677 1679 ἐν
699 1613 924 1692 Οὐολούσκοις
943 1615 1095 1698 δύναμιν.

82 1726 157 1788 τότε
185 1722 227 1804 δη
250 1719 288 1785 ἐν
309 1729 356 1807 τῷ
378 1719 523 1805 άσφαλεί
537 1716 691 1804 Ῥωμαῖοι
713 1723 909 1805 νομίσαντες
931 1715 1019 1787 εἶναι
1041 1718 1096 1786 καὶ
1115 1726 1137 1790 4

83 1829 145 1912 την
174 1826 212 1892 ἐν
238 1833 276 1910 τῇ
305 1828 400 1890 πόλει
427 1829 566 1909 νεότητα
592 1830 856 1906 καθοπλίσαντες
883 1826 1027 1912 ἐξῆλθον
1050 1829 1098 1905 είς
1112 1849 1137 1890 15

84 1936 146 2018 την
168 1932 347 2016 ὕπαιθρον.
384 1931 430 2008 ώς
453 1927 490 1996 δὲ
513 1933 574 2015 την
596 1955 631 1997 τε
654 1934 789 2019 πρώτην
811 1932 921 2019 μάχην
939 1933 1003 2000 ἀπὸ
1022 1926 1097 2000 σταὲ

86 2042 169 2105 δίων
197 2039 282 2104 ὀκτὼ
309 2045 367 2120 τῆς
392 2040 519 2114 πόλεως
540 2039 758 2123 ποιησάμενοι
780 2041 870 2125 παρὰ
892 2042 928 2105 τὸ
952 2048 1010 2123 τῆς
1028 2035 1098 2104 Ἐλ-

85 2146 182 2221 πίδος
206 2145 296 2229 ίερὸν
320 2142 477 2226 ἐνίκησάν
498 2166 532 2209 τε
551 2142 606 2208 καὶ
624 2143 815 2210 ἀπεώσαντο
833 2148 912 2222 τοὺς
929 2142 1099 2222 ἀντιταξα-

87 2250 219 2336 μένους,
241 2248 296 2316 καλ
319 2250 399 2333 μετὰ
422 2251 546 2332 ταύτην
568 2244 668 2327 αὖθις
690 2247 785 2337 ἑτέρᾳ
807 2253 935 2317 πλείονι
959 2249 1099 2333 δυνάμει

86 2367 154 2423 τῶν
182 2359 366 2443 Τυρρηνῶν
394 2355 607 2422 ἐπελθόντων
633 2357 722 2442 παρὰ
747 2365 819 2434 ταῖς
841 2358 1021 2433 Κολλίναις
1042 2379 1100 2420 κα-
1115 2379 1140 2419 ιο

88 2459 265 2547 λουμέναις
290 2464 410 2540 πύλαις
434 2462 677 2547 [ποιησάμενοι]
703 2467 859 2546 λαμπρῶς
880 2462 1100 2545 ἠγωνίσαντο,

90 2567 171 2650 [καὶ]
197 2566 404 2635 ἀνέπνευσαν
428 2567 464 2634 ἐκ
486 2577 546 2634 τοῦ
570 2567 677 2652 δέους,
699 2567 755 2634 καὶ
777 2570 814 2634 τὸ
834 2570 905 2645 ἔτος
923 2564 1011 2633 τοῦτ’
1033 2567 1100 2632 ἐτε-

89 2678 198 2743 λεύτα.

32 2802 88 2852 ,810
157 2780 259 2847 XXV.
301 2786 354 2870 Τῷ
382 2779 413 2847 δ’
440 2779 514 2865 ἑξῆς
537 2783 601 2846 ἔτει
623 2779 700 2866 περὶ
721 2783 780 2857 τὰς
801 2781 940 2867 θερινάς
962 2780 1101 2865 μάλιστα

162 3015 180 3064 4
199 3003 452 3078 ἐγκαταληφθέντα
471 3025 493 3063 ο.
513 3008 642 3063 Hertloin
659 3008 780 3063 Hermes
794 3009 820 3062 X
838 3013 903 3074 4183
922 3007 957 3062 cf.
973 3007 1011 3061 VI
1025 3013 1069 3075 92,
1086 3014 1102 3062 6

90 3079 142 3136 ubi
160 3079 235 3134 male
254 3082 366 3134 secutus
386 3087 447 3134 sum
466 3078 647 3148 Sylburgium
727 3086 743 3134 6
761 3098 831 3149 μετα
848 3098 898 3134 του
916 3078 1039 3148 χήματος
1057 3077 1104 3132 Ba

90 3149 213 3223 μεγάλου
237 3148 397 3220 αὐχήματος
414 3150 491 3204 ABb
514 3150 635 3221 μεγάλου
659 3149 847 3221 εὐτυχήματος
867 3149 1010 3220 Kiessling
1087 3155 1102 3203 7

90 3223 179 3277 verba
200 3220 250 3276 καὶ
273 3218 404 3284 σταδίους
420 3219 559 3292 -Ῥώμη
584 3239 637 3277 om.
657 3222 703 3275 Βο
794 3227 828 3276 10
850 3221 944 3292 χώραν
966 3220 1016 3275 καλ
1033 3213 1103 3288 ἦγον

91 3291 141 3348 ΑΟ
203 3297 237 3346 14
255 3291 316 3348 τότε
335 3291 367 3348 δὲ
386 3292 422 3361 δὴ
441 3309 465 3347 ο.
484 3292 587 3349 Βοίελτε
647 3297 680 3347 17
699 3290 765 3362 περὶ
783 3309 807 3346 ο.
826 3290 990 3346 dubitanter
1007 3289 1101 3345 Κίοιο-

91 3364 154 3432 ling
235 3369 268 3418 19
288 3358 369 3435 ἑτέρα
387 3362 437 3418 Ac
457 3356 582 3486 ἑτὲρ<α>
599 3364 623 3417 Β
642 3357 740 3431 ἑτέραν
758 3361 784 3414 R
865 3361 1104 3432 διαστησάμενοι

92 3434 148 3489 del.
167 3433 291 3489 Sintenis
309 3435 370 3490 Em.
389 3433 469 3489 Dion.
489 3435 575 3489 1128
648 3439 681 3488 22
707 3431 756 3488 καὶ
776 3432 831 3487 del.
851 3432 972 3505 Sylburg
