2424 3848
533 178 699 250 ..H-

111 340 269 424 ἡγεμόνα,
288 336 343 404 καί
361 339 410 416 είς
427 339 467 403 τὰ
485 335 654 422 Ῥωμαίων
671 339 930 424 προσεχώρησαν
949 342 1021 423 ἔθη.
1057 338 1127 405 διί-

111 470 213 530 μενον
232 440 295 511 οὖν
314 443 367 510 ἐπὶ
385 450 541 510 πλεῖστον
558 447 683 530 χρόνον
701 453 758 526 της
779 443 902 529 ημέρας
920 443 1127 530 ἀγχωμάλως

111 554 149 618 αί
172 552 339 636 φάλαγγες
365 549 620 635 ἀγωνιζόμεναι,
651 548 707 616 καὶ
735 549 756 633 η
784 560 844 615 τοῦ
871 555 996 636 χωρίου
1022 552 1127 634 φύσις

111 657 286 742 ἀνώμαλος
317 651 400 722 οὖσα
433 654 598 740 ἑκατέροις
628 657 735 722 πολλοὶ
767 658 814 733 είς
845 659 882 722 τὸ
914 662 1126 723 πλεονεκτεῖν

82 761 181 829 τκατ’
208 763 362 847 ἀλλήλων
388 767 569 849 παρείχετο.
616 763 651 829 οί
676 761 706 827 δ’
735 762 842 840 ίπτιεῖς
869 773 936 828 τῶν
954 760 1199 847 Ῥωμαίωνεοεῖ

112 871 186 954 διχῇ
214 871 384 953 νείμαντες
412 867 565 952 ἑαυτούς,
593 869 628 934 οί
652 865 714 953 μέν
741 870 822 934 κατὰ
850 870 889 934 τά
912 869 1035 952 πλάγια
1058 881 1127 936 τῶν

110 979 278 1060 πολεμίων
305 974 369 1041 ἀπὸ
397 985 457 1041 τοῦ
485 973 597 1052 δεξιοῦ
624 972 727 1060 κέρως
755 973 993 1059 ἐμβάλλουσιν,
1027 977 1062 1041 οί
1089 973 1128 1042 δὲ

110 1085 343 1168 περιελθόντες
362 1082 417 1146 διὰ
431 1091 491 1147 τοῦ
505 1083 612 1165 λόφου
626 1092 696 1158 τοῖς
709 1083 848 1147 κατόπιν
861 1081 1126 1167 ἐπιρράττουσιν.

75 1185 218 1254 ὅέπειθ’
244 1188 280 1255 οἱ
305 1183 366 1272 μὲν
389 1189 665 1265 εἰσακοντίζοντες
687 1187 745 1264 τὰς
767 1190 903 1273 λόγχας,
932 1188 967 1254 οί
988 1185 1025 1253 δέ
1047 1192 1127 1268 τοὺς

36 1296 38 1304 ’
71 1320 98 1360 ω
111 1295 211 1379 ὁμόσε
230 1303 420 1380 χωροῦντας
438 1305 506 1370 τοῖς
525 1294 670 1370 ἱππικοῖς
687 1293 795 1379 ξίφεσι
814 1293 1029 1380 μακροτέροις
1047 1290 1127 1362 οὖσι

110 1401 192 1466 κατὰ
211 1403 400 1487 βραχιόνων
422 1403 575 1477 παιόντες
593 1397 648 1465 καί
667 1402 756 1486 παρὰ
779 1401 836 1477 τὰς
858 1399 1003 1484 ἀγκύλας
1026 1426 1126 1467 κατα-

110 1507 283 1593 φέροντες,
305 1511 439 1572 πολλῶν
465 1503 526 1590 μέν
545 1507 604 1582 τάς
628 1506 868 1601 [ἀμυνομένας,
895 1507 916 1591 ἢ
939 1509 1127 1586 σκεπούσας

110 1615 150 1678 τά
174 1615 321 1698 σώματα]
351 1626 462 1699 χεῖρας
485 1612 596 1690 αὐτοῖς
618 1614 825 1697 σκεπάσμασί
845 1637 878 1679 τε
902 1611 957 1678 καί
980 1614 1126 1700 ἀμυντη-

112 1724 196 1805 ρίοις
218 1718 415 1803 ἀπέκοπτον,
437 1722 581 1795 πολλοὺς
603 1715 640 1784 δὲ
663 1719 814 1802 γονάτων
835 1717 942 1784 τεκαὶ
961 1719 1125 1806 ἀστραγά-

72 1851 97 1892 15
112 1830 180 1891 λων
198 1829 338 1909 πληγαῖς
356 1828 509 1908 βαθείαις
527 1825 591 1891 ἀπὸ
613 1830 787 1912 κρατίστης
804 1826 931 1910 βάσεως
945 1824 1126 1912 ἐρρίπτουν

76 1931 294 2015 6ημιθανεῖς.
348 1934 564 2016 περιειστήκει
601 1956 635 1998 τε
671 1933 840 1998 πάντοθεν
872 1943 941 2008 τοῖς
973 1932 1126 2000 Οὐολού-

112 2056 203 2116 σκοις
230 2040 266 2104 τὸ
295 2040 421 2104 δεινόν·
451 2038 487 2104 ἐκ
514 2034 575 2123 μὲν
605 2039 668 2125 γάρ
691 2050 758 2104 τῶν
781 2039 864 2103 κατὰ
886 2040 1068 2123 πρόσωπον
1092 2042 1129 2105 οί

110 2143 201 2223 πεζοὶ
224 2145 336 2221 αὐτοῖς
359 2142 535 2228 ἐνέκειντο,
558 2142 595 2209 ἐκ
614 2141 651 2232 δέ
669 2155 736 2211 τῶν
752 2149 902 2228 πλαγίων
920 2168 955 2209 τε
978 2143 1034 2210 καὶ
1056 2157 1126 2211 τῶν

110 2254 249 2317 κατόπιν
272 2252 308 2316 οί
335 2251 458 2333 ἱππεῖς,
485 2251 567 2315 ὥστε
595 2247 677 2335 ὑπὲρ
707 2252 851 2334 δύναμιν
879 2249 1002 2334 ἀγαθοὶ
1030 2256 1126 2334 γενό-

71 2383 97 2423 εο
111 2380 207 2442 μενοι
229 2355 283 2422 καὶ
306 2358 412 2423 πολλὰ
435 2360 514 2442 ἔργα
532 2360 653 2442 τόλμης
673 2381 708 2422 τε
727 2355 782 2423 καὶ
801 2355 968 2442 ἐμπειρίας
991 2357 1198 2427 ἀποδω-1668

112 2460 258 2547 ξάμενοι,
276 2471 396 2549 μικροῦ
416 2463 487 2528 δεῖν
505 2463 624 2540 πάντες
643 2462 679 2528 οί
693 2465 730 2529 τὸ
750 2461 860 2540 δεξιὸν
878 2462 976 2549 κέρας
994 2465 1126 2549 ἐχοντες

111 2573 346 2654 κατεκόπησαν.
384 2569 419 2635 οί
435 2566 465 2634 δ’
489 2568 526 2634 ἐν
544 2567 626 2654 με’ση
644 2592 679 2634 τε
702 2578 740 2654 τῇ
764 2569 910 2655 φάλαγγι
932 2569 1126 2655 τεταγμένοι

110 2675 166 2743 καὶ
189 2675 243 2742 ε’πὶ
266 2685 326 2743 τοῦ
350 2673 463 2760 ἑτέρου
486 2674 589 2757 κέρως
613 2674 725 2759 ἐπειδη
749 2678 786 2741 τὸ
812 2674 923 2755 δεξιόν
945 2699 980 2741 τε
1002 2697 1126 2764 παρερ-

111 2783 278 2869 ρηγμένον
300 2777 393 2847 εἶδον
415 2779 470 2846 καὶ
492 2783 552 2846 τὸν
576 2781 678 2847 αὐτὸν
700 2784 825 2867 τρόπον
853 2781 1005 2859 ἐπιόντας
1028 2789 1126 2868 σφίσι

71 2892 190 2964 κενοὺς
218 2900 285 2953 τῶν
310 2886 479 2973 Ῥωμαίων
510 2888 632 2971 ίππεῖς,
666 2885 867 2966 ἐξελιῖαντες
896 2892 974 2966 τοὺς
1003 2893 1126 2976 λόχους

112 2997 220 3082 βάδην
250 2994 444 3080 ἀπεχώρουν
473 2992 526 3059 ἐπὶ
555 2996 614 3059 τὸν
643 2994 786 3079 χάρακα,
815 2993 871 3060 καὶ
901 2996 936 3062 οί
960 3007 1026 3061 τῶν
1047 2995 1125 3063 Ῥω-

183 3225 386 3309 ειηςροειετ
403 3188 611 3314 εεεμιωε,
650 3221 721 3313 τηε
740 3222 846 3278 τεαυ
920 3221 1005 3304 εειε
1023 3221 1046 3276 Β
1066 3223 1126 3278 ιιι

110 3294 241 3488 ῗιιειὲηῗ
248 3295 424 3426 03533‘33?
425 3294 836 3435 {12s3ffl⁰”⁶“⁹13“72ss⁹ffl
855 3293 910 3349 ‘¹⁰¹'
922 3293 1126 3434 ἀθῖἷῖχιλῖ

111 3451 135 3490 ο.
154 3435 219 3489 Rois
241 3453 256 3490 ο
329 3443 362 3491 25
383 3431 553 3501 ἐξελίξαντες
572 3453 660 3505 usque
679 3437 715 3489 ad
735 3433 829 3499 ἱππεῖς
846 3436 869 3489 Β
889 3435 920 3489 in
936 3453 1001 3506 mge
