<?xml version="1.0" encoding="UTF-8"?>
<!DOCTYPE html PUBLIC "-//W3C//DTD XHTML 1.0 Transitional//EN"
    "http://www.w3.org/TR/xhtml1/DTD/xhtml1-transitional.dtd">
<html xmlns="http://www.w3.org/1999/xhtml" xml:lang="en" lang="en">
 <head>
  <title>
</title>
<meta http-equiv="Content-Type" content="text/html;charset=utf-8" />
  <meta name='ocr-system' content='tesseract 3.04.00' />
  <meta name='ocr-capabilities' content='ocr_page ocr_carea ocr_par ocr_line ocrx_word'/>
</head>
<body>
  <div class='ocr_page' id='page_1' title='image "./dionysihalicarn04diongoog_0190.png"; bbox 0 0 2424 3848; ppageno 0'>
   <div class='ocr_carea' id='block_1_1' title="bbox 507 156 1099 222">
    <p class='ocr_par' dir='ltr' id='par_1_1' title="bbox 507 156 1099 222">
     <span class='ocr_line' id='line_1_1' title="bbox 507 156 1099 222; baseline 0.002 -2"><span class='ocrx_word' id='word_1_1' title='bbox 507 159 674 209; x_wconf 84' lang='lat' dir='ltr'><strong><em>-H-</em></strong></span> <span class='ocrx_word' id='word_1_2' title='bbox 1036 156 1099 222; x_wconf 76' lang='lat'><strong><em>179</em></strong></span> 
     </span>
    </p>
   </div>
   <div class='ocr_carea' id='block_1_2' title="bbox 20 315 1149 1587">
    <p class='ocr_par' dir='ltr' id='par_1_2' title="bbox 20 315 1149 1587">
     <span class='ocr_line' id='line_1_2' title="bbox 20 315 1101 404; baseline 0.006 -24"><span class='ocrx_word' id='word_1_3' title='bbox 20 323 77 380; x_wconf 69' lang='lat'><strong><em>³0</em></strong></span> <span class='ocrx_word' id='word_1_4' title='bbox 152 316 321 383; x_wconf 86' lang='lat' dir='ltr'>XXXVII.</span> <span class='ocrx_word' id='word_1_5' title='bbox 380 323 489 385; x_wconf 84' lang='grc' dir='ltr'><strong><em>Ταῦτα</em></strong></span> <span class='ocrx_word' id='word_1_6' title='bbox 525 315 757 404; x_wconf 77' lang='grc' dir='ltr'><em>ψηφισαμένης</em></span> <span class='ocrx_word' id='word_1_7' title='bbox 793 327 851 402; x_wconf 88' lang='grc' dir='ltr'><strong><em>τής</em></strong></span> <span class='ocrx_word' id='word_1_8' title='bbox 886 321 1010 403; x_wconf 79' lang='grc' dir='ltr'><strong><em>βουλῆς</em></strong></span> <span class='ocrx_word' id='word_1_9' title='bbox 1045 319 1101 386; x_wconf 82' lang='grc' dir='ltr'><strong><em>καὶ</em></strong></span> 
     </span>
     <span class='ocr_line' id='line_1_3' title="bbox 74 422 1101 511; baseline 0.003 -22"><span class='ocrx_word' id='word_1_10' title='bbox 74 427 287 509; x_wconf 74' lang='grc' dir='ltr'><strong><em>πρεσβευτάς</em></strong></span> <span class='ocrx_word' id='word_1_11' title='bbox 305 422 438 511; x_wconf 81' lang='grc' dir='ltr'><strong><em>ἑτέρους</em></strong></span> <span class='ocrx_word' id='word_1_12' title='bbox 461 422 618 510; x_wconf 77' lang='grc' dir='ltr'><em>ἑλομένης</em></span> <span class='ocrx_word' id='word_1_13' title='bbox 636 422 715 490; x_wconf 92' lang='grc' dir='ltr'><strong><em>δέκα</em></strong></span> <span class='ocrx_word' id='word_1_14' title='bbox 734 425 859 511; x_wconf 86' lang='grc' dir='ltr'><strong><em>ἀνδρας</em></strong></span> <span class='ocrx_word' id='word_1_15' title='bbox 877 423 999 491; x_wconf 79' lang='grc' dir='ltr'><strong><em>ἐκτῶν</em></strong></span> <span class='ocrx_word' id='word_1_16' title='bbox 1016 427 1101 492; x_wconf 82' lang='grc' dir='ltr'><strong><em>ὑπα-</em></strong></span> 
     </span>
     <span class='ocr_line' id='line_1_4' title="bbox 73 526 1101 620; baseline 0.002 -23"><span class='ocrx_word' id='word_1_17' title='bbox 73 542 185 598; x_wconf 80' lang='grc' dir='ltr'><strong><em>τικῶν</em></strong></span> <span class='ocrx_word' id='word_1_18' title='bbox 217 534 294 609; x_wconf 85' lang='grc' dir='ltr'><strong><em>τοὺς</em></strong></span> <span class='ocrx_word' id='word_1_19' title='bbox 331 526 532 610; x_wconf 75' lang='grc' dir='ltr'><strong><em>ἀξιώσοντας</em></strong></span> <span class='ocrx_word' id='word_1_20' title='bbox 567 534 626 598; x_wconf 83' lang='grc' dir='ltr'><strong><em>τὸν</em></strong></span> <span class='ocrx_word' id='word_1_21' title='bbox 662 534 770 618; x_wconf 87' lang='grc' dir='ltr'><strong><em>ἀνδρα</em></strong></span> <span class='ocrx_word' id='word_1_22' title='bbox 809 528 917 616; x_wconf 73' lang='grc' dir='ltr'><strong><em>μηθὲν</em></strong></span> <span class='ocrx_word' id='word_1_23' title='bbox 949 530 1101 620; x_wconf 79' lang='grc' dir='ltr'><strong><em>ἐκφέρειν</em></strong></span> 
     </span>
     <span class='ocr_line' id='line_1_5' title="bbox 77 636 1102 726; baseline 0.002 -22"><span class='ocrx_word' id='word_1_24' title='bbox 77 637 246 724; x_wconf 72' lang='grc' dir='ltr'><strong><em>ἐπίταγμα</em></strong></span> <span class='ocrx_word' id='word_1_25' title='bbox 264 641 351 726; x_wconf 84' lang='grc' dir='ltr'><strong><em>βαρὺ</em></strong></span> <span class='ocrx_word' id='word_1_26' title='bbox 369 636 446 724; x_wconf 85' lang='grc' dir='ltr'><strong><em>μηδ’</em></strong></span> <span class='ocrx_word' id='word_1_27' title='bbox 470 636 608 716; x_wconf 84' lang='grc' dir='ltr'><strong><em>ἀνάξιον</em></strong></span> <span class='ocrx_word' id='word_1_28' title='bbox 625 647 683 722; x_wconf 85' lang='grc' dir='ltr'><strong><em>τής</em></strong></span> <span class='ocrx_word' id='word_1_29' title='bbox 700 641 840 722; x_wconf 81' lang='grc' dir='ltr'><strong><em>πόλεως,</em></strong></span> <span class='ocrx_word' id='word_1_30' title='bbox 859 636 943 703; x_wconf 81' lang='grc' dir='ltr'><strong><em>ἀλλὰ</em></strong></span> <span class='ocrx_word' id='word_1_31' title='bbox 960 641 1102 706; x_wconf 86' lang='grc' dir='ltr'><strong><em>καταλύ-</em></strong></span> 
     </span>
     <span class='ocr_line' id='line_1_6' title="bbox 79 743 1142 832; baseline -0.001 -21"><span class='ocrx_word' id='word_1_32' title='bbox 79 763 189 812; x_wconf 88' lang='grc' dir='ltr'><strong><em>σαντα</em></strong></span> <span class='ocrx_word' id='word_1_33' title='bbox 215 747 277 831; x_wconf 88' lang='grc' dir='ltr'><strong><em>τήν</em></strong></span> <span class='ocrx_word' id='word_1_34' title='bbox 302 748 429 832; x_wconf 82' lang='grc' dir='ltr'><strong><em>ἔχθραν</em></strong></span> <span class='ocrx_word' id='word_1_35' title='bbox 455 743 512 811; x_wconf 81' lang='grc' dir='ltr'><strong><em>καὶ</em></strong></span> <span class='ocrx_word' id='word_1_36' title='bbox 539 744 769 829; x_wconf 77' lang='grc' dir='ltr'><strong><em>ἀναστήσαντα</em></strong></span> <span class='ocrx_word' id='word_1_37' title='bbox 798 747 860 830; x_wconf 89' lang='grc' dir='ltr'><strong><em>τήν</em></strong></span> <span class='ocrx_word' id='word_1_38' title='bbox 887 747 1033 831; x_wconf 84' lang='grc' dir='ltr'><strong><em>δύναμιν</em></strong></span> <span class='ocrx_word' id='word_1_39' title='bbox 1066 745 1101 812; x_wconf 79' lang='grc' dir='ltr'><strong><em>ἐκ</em></strong></span> <span class='ocrx_word' id='word_1_40' title='bbox 1128 769 1142 810; x_wconf 90' lang='lat'><strong>5</strong></span> 
     </span>
     <span class='ocr_line' id='line_1_7' title="bbox 80 851 1102 941; baseline 0 -22"><span class='ocrx_word' id='word_1_41' title='bbox 80 861 142 937; x_wconf 85' lang='grc' dir='ltr'><strong><em>τής</em></strong></span> <span class='ocrx_word' id='word_1_42' title='bbox 168 854 278 941; x_wconf 81' lang='grc' dir='ltr'><strong><em>χώρας</em></strong></span> <span class='ocrx_word' id='word_1_43' title='bbox 303 859 421 918; x_wconf 80' lang='grc' dir='ltr'><strong><em>πενθοῖ</em></strong></span> <span class='ocrx_word' id='word_1_44' title='bbox 444 851 500 918; x_wconf 80' lang='grc' dir='ltr'><strong><em>καὶ</em></strong></span> <span class='ocrx_word' id='word_1_45' title='bbox 530 853 586 918; x_wconf 85' lang='grc' dir='ltr'><strong><em>διὰ</em></strong></span> <span class='ocrx_word' id='word_1_46' title='bbox 609 855 718 936; x_wconf 89' lang='grc' dir='ltr'><strong><em>λόγων</em></strong></span> <span class='ocrx_word' id='word_1_47' title='bbox 741 855 976 938; x_wconf 80' lang='grc' dir='ltr'><strong><em>συμβατηρίων</em></strong></span> <span class='ocrx_word' id='word_1_48' title='bbox 999 863 1102 919; x_wconf 85' lang='grc' dir='ltr'><strong><em>ταῦτα</em></strong></span> 
     </span>
     <span class='ocr_line' id='line_1_8' title="bbox 83 958 1102 1045; baseline 0.001 -21"><span class='ocrx_word' id='word_1_49' title='bbox 83 965 265 1045; x_wconf 82' lang='grc' dir='ltr'><strong><em>πειρᾶσθαι</em></strong></span> <span class='ocrx_word' id='word_1_50' title='bbox 291 960 462 1045; x_wconf 85' lang='grc' dir='ltr'><strong><em>πράττειν,</em></strong></span> <span class='ocrx_word' id='word_1_51' title='bbox 491 960 522 1024; x_wconf 84' lang='grc' dir='ltr'><strong><em>εί</em></strong></span> <span class='ocrx_word' id='word_1_52' title='bbox 547 960 702 1043; x_wconf 85' lang='grc' dir='ltr'><strong><em>βούλεται</em></strong></span> <span class='ocrx_word' id='word_1_53' title='bbox 731 961 887 1043; x_wconf 80' lang='grc' dir='ltr'><strong><em>βεβαίους</em></strong></span> <span class='ocrx_word' id='word_1_54' title='bbox 913 982 948 1024; x_wconf 93' lang='grc' dir='ltr'><strong><em>τε</em></strong></span> <span class='ocrx_word' id='word_1_55' title='bbox 975 958 1030 1025; x_wconf 81' lang='grc' dir='ltr'><strong><em>καὶ</em></strong></span> <span class='ocrx_word' id='word_1_56' title='bbox 1054 962 1102 1037; x_wconf 92' lang='grc' dir='ltr'><strong><em>είς</em></strong></span> 
     </span>
     <span class='ocr_line' id='line_1_9' title="bbox 84 1063 1102 1151; baseline 0.001 -21"><span class='ocrx_word' id='word_1_57' title='bbox 84 1063 135 1130; x_wconf 81' lang='grc' dir='ltr'><strong><em>ἀεὶ</em></strong></span> <span class='ocrx_word' id='word_1_58' title='bbox 155 1066 377 1150; x_wconf 79' lang='grc' dir='ltr'><strong><em>διαμενούσας</em></strong></span> <span class='ocrx_word' id='word_1_59' title='bbox 394 1068 600 1151; x_wconf 89' lang='grc' dir='ltr'><strong><em>ποιήσασθαι</em></strong></span> <span class='ocrx_word' id='word_1_60' title='bbox 616 1066 675 1143; x_wconf 80' lang='grc' dir='ltr'><strong><em>τὰς</em></strong></span> <span class='ocrx_word' id='word_1_61' title='bbox 688 1065 868 1150; x_wconf 80' lang='grc' dir='ltr'><strong><em>ὁμολογίας</em></strong></span> <span class='ocrx_word' id='word_1_62' title='bbox 880 1076 947 1131; x_wconf 83' lang='grc' dir='ltr'><strong><em>τῶν</em></strong></span> <span class='ocrx_word' id='word_1_63' title='bbox 961 1067 1102 1150; x_wconf 87' lang='grc' dir='ltr'><strong><em>πόλεων,</em></strong></span> 
     </span>
     <span class='ocr_line' id='line_1_10' title="bbox 85 1169 1102 1259; baseline 0.001 -22"><span class='ocrx_word' id='word_1_64' title='bbox 85 1172 129 1249; x_wconf 81' lang='grc' dir='ltr'><strong><em>ὡς</em></strong></span> <span class='ocrx_word' id='word_1_65' title='bbox 159 1182 228 1239; x_wconf 79' lang='grc' dir='ltr'><strong><em>τῶν</em></strong></span> <span class='ocrx_word' id='word_1_66' title='bbox 259 1196 297 1256; x_wconf 92' lang='grc' dir='ltr'><strong><em>γε</em></strong></span> <span class='ocrx_word' id='word_1_67' title='bbox 326 1169 384 1238; x_wconf 83' lang='grc' dir='ltr'><strong><em>ὑπ’</em></strong></span> <span class='ocrx_word' id='word_1_68' title='bbox 414 1171 560 1256; x_wconf 77' lang='grc' dir='ltr'><strong><em>ἀνάγκης</em></strong></span> <span class='ocrx_word' id='word_1_69' title='bbox 591 1173 681 1248; x_wconf 87' lang='grc' dir='ltr'><strong><em>τινὸς</em></strong></span> <span class='ocrx_word' id='word_1_70' title='bbox 710 1172 731 1256; x_wconf 87' lang='grc' dir='ltr'><strong><em>ή</em></strong></span> <span class='ocrx_word' id='word_1_71' title='bbox 760 1182 880 1259; x_wconf 82' lang='grc' dir='ltr'><strong><em>καιροῦ</em></strong></span> <span class='ocrx_word' id='word_1_72' title='bbox 912 1188 1102 1258; x_wconf 85' lang='grc' dir='ltr'><strong><em>συγχωρου-</em></strong></span> 
     </span>
     <span class='ocr_line' id='line_1_11' title="bbox 85 1276 1141 1366; baseline -0.003 -23"><span class='ocrx_word' id='word_1_73' title='bbox 85 1276 195 1362; x_wconf 78' lang='grc' dir='ltr'><strong><em>μένων</em></strong></span> <span class='ocrx_word' id='word_1_74' title='bbox 224 1277 280 1345; x_wconf 80' lang='grc' dir='ltr'><strong><em>καὶ</em></strong></span> <span class='ocrx_word' id='word_1_75' title='bbox 308 1280 454 1357; x_wconf 81' lang='grc' dir='ltr'><strong><em>ἰδιώταις</em></strong></span> <span class='ocrx_word' id='word_1_76' title='bbox 480 1276 536 1344; x_wconf 78' lang='grc' dir='ltr'><strong><em>καὶ</em></strong></span> <span class='ocrx_word' id='word_1_77' title='bbox 562 1280 700 1344; x_wconf 86' lang='grc' dir='ltr'><strong><em>πόλεσιν</em></strong></span> <span class='ocrx_word' id='word_1_78' title='bbox 733 1279 800 1362; x_wconf 83' lang='grc' dir='ltr'><strong><em>ἀμα</em></strong></span> <span class='ocrx_word' id='word_1_79' title='bbox 830 1287 875 1366; x_wconf 76' lang='grc' dir='ltr'><strong><em>τῷ</em></strong></span> <span class='ocrx_word' id='word_1_80' title='bbox 906 1288 1100 1362; x_wconf 79' lang='grc' dir='ltr'><strong><em>μεταπεσεῖν</em></strong></span> <span class='ocrx_word' id='word_1_81' title='bbox 1116 1300 1141 1340; x_wconf 83' lang='grc' dir='ltr'><strong><em>ιο</em></strong></span> 
     </span>
     <span class='ocr_line' id='line_1_12' title="bbox 84 1382 1104 1471; baseline -0.001 -22"><span class='ocrx_word' id='word_1_82' title='bbox 84 1387 162 1462; x_wconf 81' lang='grc' dir='ltr'><strong><em>τοὺς</em></strong></span> <span class='ocrx_word' id='word_1_83' title='bbox 188 1386 325 1471; x_wconf 85' lang='grc' dir='ltr'><strong><em>καιροὺς</em></strong></span> <span class='ocrx_word' id='word_1_84' title='bbox 352 1385 373 1469; x_wconf 87' lang='grc' dir='ltr'><strong><em>ή</em></strong></span> <span class='ocrx_word' id='word_1_85' title='bbox 400 1385 458 1462; x_wconf 81' lang='grc' dir='ltr'><strong><em>τὰς</em></strong></span> <span class='ocrx_word' id='word_1_86' title='bbox 486 1383 631 1468; x_wconf 81' lang='grc' dir='ltr'><strong><em>ἀνάγκας</em></strong></span> <span class='ocrx_word' id='word_1_87' title='bbox 662 1384 766 1461; x_wconf 78' lang='grc' dir='ltr'><strong><em>εὐθὺς</em></strong></span> <span class='ocrx_word' id='word_1_88' title='bbox 794 1382 1035 1470; x_wconf 88' lang='grc' dir='ltr'><strong><em>διαλυομένων·</em></strong></span> <span class='ocrx_word' id='word_1_89' title='bbox 1068 1385 1104 1450; x_wconf 76' lang='grc' dir='ltr'><strong><em>οἱ</em></strong></span> 
     </span>
     <span class='ocr_line' id='line_1_13' title="bbox 85 1486 1149 1587; baseline -0.002 -31"><span class='ocrx_word' id='word_1_90' title='bbox 85 1487 145 1575; x_wconf 70' lang='grc' dir='ltr'><strong><em>μὲν</em></strong></span> <span class='ocrx_word' id='word_1_91' title='bbox 168 1488 423 1576; x_wconf 88' lang='grc' dir='ltr'><strong><em>ἀποδειχθέντες</em></strong></span> <span class='ocrx_word' id='word_1_92' title='bbox 449 1486 506 1556; x_wconf 80' lang='grc' dir='ltr'><strong><em>ὑπ’</em></strong></span> <span class='ocrx_word' id='word_1_93' title='bbox 534 1490 634 1574; x_wconf 81' lang='grc' dir='ltr'><strong><em>αὐτῆς</em></strong></span> <span class='ocrx_word' id='word_1_94' title='bbox 662 1488 817 1577; x_wconf 89' lang='grc' dir='ltr'><strong><em>πρέσβεις</em></strong></span> <span class='ocrx_word' id='word_1_95' title='bbox 839 1492 906 1576; x_wconf 89' lang='grc' dir='ltr'><strong><em>άμα</em></strong></span> <span class='ocrx_word' id='word_1_96' title='bbox 928 1498 973 1579; x_wconf 75' lang='grc' dir='ltr'><strong><em>τῷ</em></strong></span> <span class='ocrx_word' id='word_1_97' title='bbox 996 1488 1101 1555; x_wconf 91' lang='grc' dir='ltr'><strong><em>πυθέ-</em></strong></span> <span class='ocrx_word' id='word_1_98' title='bbox 1144 1570 1149 1587; x_wconf 39' lang='grc' dir='ltr'><em>Ι</em></span> 
     </span>
    </p>
   </div>
   <div class='ocr_carea' id='block_1_3' title="bbox 20 1595 1140 1910">
    <p class='ocr_par' dir='ltr' id='par_1_3' title="bbox 20 1595 1140 1910">
     <span class='ocr_line' id='line_1_14' title="bbox 85 1595 1101 1683; baseline -0.001 -20"><span class='ocrx_word' id='word_1_99' title='bbox 85 1604 165 1664; x_wconf 92' lang='grc' dir='ltr'><strong><em>σθαι</em></strong></span> <span class='ocrx_word' id='word_1_100' title='bbox 189 1598 251 1681; x_wconf 89' lang='grc' dir='ltr'><strong><em>τήν</em></strong></span> <span class='ocrx_word' id='word_1_101' title='bbox 272 1600 459 1681; x_wconf 90' lang='grc' dir='ltr'><strong><em>παρουσίαν</em></strong></span> <span class='ocrx_word' id='word_1_102' title='bbox 482 1605 542 1662; x_wconf 83' lang='grc' dir='ltr'><strong><em>τοῦ</em></strong></span> <span class='ocrx_word' id='word_1_103' title='bbox 560 1599 718 1678; x_wconf 89' lang='grc' dir='ltr'><strong><em>Μαρκίου</em></strong></span> <span class='ocrx_word' id='word_1_104' title='bbox 739 1595 962 1683; x_wconf 86' lang='grc' dir='ltr'><strong><em>πορευθέντες</em></strong></span> <span class='ocrx_word' id='word_1_105' title='bbox 979 1597 1024 1675; x_wconf 83' lang='grc' dir='ltr'><strong><em>ὡς</em></strong></span> <span class='ocrx_word' id='word_1_106' title='bbox 1043 1597 1101 1662; x_wconf 86' lang='grc' dir='ltr'><strong><em>αὐ-</em></strong></span> 
     </span>
     <span class='ocr_line' id='line_1_15' title="bbox 20 1700 1100 1789; baseline 0 -19"><span class='ocrx_word' id='word_1_107' title='bbox 20 1705 143 1771; x_wconf 64' lang='grc' dir='ltr'><strong><em>θστδν</em></strong></span> <span class='ocrx_word' id='word_1_108' title='bbox 174 1704 281 1770; x_wconf 75' lang='grc' dir='ltr'><strong><em>πολλοὶ</em></strong></span> <span class='ocrx_word' id='word_1_109' title='bbox 313 1703 467 1787; x_wconf 80' lang='grc' dir='ltr'><strong><em>ἐπαγωγά</em></strong></span> <span class='ocrx_word' id='word_1_110' title='bbox 501 1700 689 1787; x_wconf 87' lang='grc' dir='ltr'><strong><em>διελέγοντο</em></strong></span> <span class='ocrx_word' id='word_1_111' title='bbox 723 1704 944 1789; x_wconf 76' lang='grc' dir='ltr'><strong><em>φυλάττοντες</em></strong></span> <span class='ocrx_word' id='word_1_112' title='bbox 974 1702 1030 1769; x_wconf 84' lang='grc' dir='ltr'><strong><em>καλ</em></strong></span> <span class='ocrx_word' id='word_1_113' title='bbox 1063 1703 1100 1770; x_wconf 87' lang='grc' dir='ltr'><strong><em>έν</em></strong></span> 
     </span>
     <span class='ocr_line' id='line_1_16' title="bbox 85 1796 1140 1910; baseline 0 -34"><span class='ocrx_word' id='word_1_114' title='bbox 85 1820 153 1887; x_wconf 83' lang='grc' dir='ltr'><strong><em>τοίς</em></strong></span> <span class='ocrx_word' id='word_1_115' title='bbox 182 1812 296 1893; x_wconf 83' lang='grc' dir='ltr'><strong><em>λόγοις</em></strong></span> <span class='ocrx_word' id='word_1_116' title='bbox 324 1811 362 1875; x_wconf 87' lang='grc' dir='ltr'><strong><em>τὸ</em></strong></span> <span class='ocrx_word' id='word_1_117' title='bbox 391 1807 520 1893; x_wconf 85' lang='grc' dir='ltr'><strong><em>ἀξίωμα</em></strong></span> <span class='ocrx_word' id='word_1_118' title='bbox 549 1817 609 1892; x_wconf 84' lang='grc' dir='ltr'><strong><em>τής</em></strong></span> <span class='ocrx_word' id='word_1_119' title='bbox 641 1812 777 1886; x_wconf 87' lang='grc' dir='ltr'><strong><em>πόλεως.</em></strong></span> <span class='ocrx_word' id='word_1_120' title='bbox 830 1809 848 1876; x_wconf 89' lang='grc' dir='ltr'>ὁ</span> <span class='ocrx_word' id='word_1_121' title='bbox 879 1806 917 1875; x_wconf 72' lang='grc' dir='ltr'><strong><em>δέ</em></strong></span> <span class='ocrx_word' id='word_1_122' title='bbox 945 1796 1140 1910; x_wconf 64' lang='grc' dir='ltr'><strong><em>Μάρκιος125</em></strong></span> 
     </span>
    </p>
   </div>
   <div class='ocr_carea' id='block_1_4' title="bbox 82 1912 1139 2965">
    <p class='ocr_par' dir='ltr' id='par_1_4' title="bbox 82 1912 1139 2965">
     <span class='ocr_line' id='line_1_17' title="bbox 85 1912 1100 2002; baseline -0.001 -20"><span class='ocrx_word' id='word_1_123' title='bbox 85 1918 165 1983; x_wconf 89' lang='grc' dir='ltr'><strong><em>ἀλλο</em></strong></span> <span class='ocrx_word' id='word_1_124' title='bbox 193 1912 255 2000; x_wconf 73' lang='grc' dir='ltr'><strong><em>μὲν</em></strong></span> <span class='ocrx_word' id='word_1_125' title='bbox 282 1912 384 1982; x_wconf 73' lang='grc' dir='ltr'><strong><em>οὐδὲν</em></strong></span> <span class='ocrx_word' id='word_1_126' title='bbox 415 1915 529 1992; x_wconf 83' lang='grc' dir='ltr'><strong><em>αὐτοῖς</em></strong></span> <span class='ocrx_word' id='word_1_127' title='bbox 560 1914 776 2002; x_wconf 89' lang='grc' dir='ltr'><strong><em>ἀπεκρίνατο,</em></strong></span> <span class='ocrx_word' id='word_1_128' title='bbox 809 1919 1029 2000; x_wconf 87' lang='grc' dir='ltr'><strong><em>συνεβούλευε</em></strong></span> <span class='ocrx_word' id='word_1_129' title='bbox 1063 1913 1100 1983; x_wconf 74' lang='grc' dir='ltr'><strong><em>δὲ</em></strong></span> 
     </span>
     <span class='ocr_line' id='line_1_18' title="bbox 84 2020 1099 2111; baseline -0.001 -21"><span class='ocrx_word' id='word_1_130' title='bbox 84 2026 233 2111; x_wconf 84' lang='grc' dir='ltr'><strong><em>κρεῖττόν</em></strong></span> <span class='ocrx_word' id='word_1_131' title='bbox 254 2046 287 2088; x_wconf 93' lang='grc' dir='ltr'><strong><em>τι</em></strong></span> <span class='ocrx_word' id='word_1_132' title='bbox 304 2020 594 2107; x_wconf 82' lang='grc' dir='ltr'><strong><em>βουλευσαμένους</em></strong></span> <span class='ocrx_word' id='word_1_133' title='bbox 610 2022 703 2106; x_wconf 89' lang='grc' dir='ltr'><strong><em>ήκειν</em></strong></span> <span class='ocrx_word' id='word_1_134' title='bbox 722 2033 824 2110; x_wconf 80' lang='grc' dir='ltr'><strong><em>τριῶν</em></strong></span> <span class='ocrx_word' id='word_1_135' title='bbox 842 2022 935 2100; x_wconf 87' lang='grc' dir='ltr'><strong><em>έντὸς</em></strong></span> <span class='ocrx_word' id='word_1_136' title='bbox 953 2023 1099 2108; x_wconf 74' lang='grc' dir='ltr'><strong><em>ἡμερῶν·</em></strong></span> 
     </span>
     <span class='ocr_line' id='line_1_19' title="bbox 84 2127 1100 2217; baseline 0.001 -23"><span class='ocrx_word' id='word_1_137' title='bbox 84 2131 204 2206; x_wconf 83' lang='grc' dir='ltr'><strong><em>ταύτας</em></strong></span> <span class='ocrx_word' id='word_1_138' title='bbox 226 2130 289 2217; x_wconf 83' lang='grc' dir='ltr'><strong><em>γάρ</em></strong></span> <span class='ocrx_word' id='word_1_139' title='bbox 313 2129 426 2206; x_wconf 82' lang='grc' dir='ltr'><strong><em>αὐτοῖς</em></strong></span> <span class='ocrx_word' id='word_1_140' title='bbox 444 2132 581 2195; x_wconf 82' lang='grc' dir='ltr'><strong><em>ἔσεσθαι</em></strong></span> <span class='ocrx_word' id='word_1_141' title='bbox 599 2132 704 2213; x_wconf 90' lang='grc' dir='ltr'><strong><em>μόνας</em></strong></span> <span class='ocrx_word' id='word_1_142' title='bbox 721 2127 844 2215; x_wconf 84' lang='grc' dir='ltr'><strong><em>ἀνοχάς</em></strong></span> <span class='ocrx_word' id='word_1_143' title='bbox 861 2138 921 2195; x_wconf 87' lang='grc' dir='ltr'><strong><em>τοῦ</em></strong></span> <span class='ocrx_word' id='word_1_144' title='bbox 943 2127 1100 2213; x_wconf 86' lang='grc' dir='ltr'><strong><em>πολέμου.</em></strong></span> 
     </span>
     <span class='ocr_line' id='line_1_20' title="bbox 85 2233 1100 2323; baseline -0.002 -19"><span class='ocrx_word' id='word_1_145' title='bbox 85 2234 299 2321; x_wconf 80' lang='grc' dir='ltr'><strong><em>βουλομένων</em></strong></span> <span class='ocrx_word' id='word_1_146' title='bbox 323 2233 363 2300; x_wconf 90' lang='grc' dir='ltr'><strong><em>δέ</em></strong></span> <span class='ocrx_word' id='word_1_147' title='bbox 382 2259 415 2301; x_wconf 92' lang='grc' dir='ltr'><strong><em>τι</em></strong></span> <span class='ocrx_word' id='word_1_148' title='bbox 436 2238 520 2323; x_wconf 86' lang='grc' dir='ltr'><strong><em>πρὸς</em></strong></span> <span class='ocrx_word' id='word_1_149' title='bbox 541 2245 643 2302; x_wconf 86' lang='grc' dir='ltr'><strong><em>ταῦτα</em></strong></span> <span class='ocrx_word' id='word_1_150' title='bbox 666 2233 776 2318; x_wconf 89' lang='grc' dir='ltr'><strong><em>λέγειν</em></strong></span> <span class='ocrx_word' id='word_1_151' title='bbox 798 2247 865 2302; x_wconf 82' lang='grc' dir='ltr'><strong><em>τῶν</em></strong></span> <span class='ocrx_word' id='word_1_152' title='bbox 884 2235 1018 2323; x_wconf 83' lang='grc' dir='ltr'><strong><em>ἀνδρῶν</em></strong></span> <span class='ocrx_word' id='word_1_153' title='bbox 1039 2236 1100 2302; x_wconf 84' lang='grc' dir='ltr'><strong><em>οὐκ</em></strong></span> 
     </span>
     <span class='ocr_line' id='line_1_21' title="bbox 85 2339 1139 2430; baseline -0.005 -20"><span class='ocrx_word' id='word_1_154' title='bbox 85 2342 272 2430; x_wconf 76' lang='grc' dir='ltr'><strong><em>ἐπέτρεψεν,</em></strong></span> <span class='ocrx_word' id='word_1_155' title='bbox 291 2339 363 2407; x_wconf 86' lang='grc' dir='ltr'><strong><em>ἀλλ’</em></strong></span> <span class='ocrx_word' id='word_1_156' title='bbox 386 2340 518 2409; x_wconf 84' lang='grc' dir='ltr'><strong><em>ἀπιέναι</em></strong></span> <span class='ocrx_word' id='word_1_157' title='bbox 536 2343 598 2426; x_wconf 88' lang='grc' dir='ltr'><strong><em>τήν</em></strong></span> <span class='ocrx_word' id='word_1_158' title='bbox 616 2345 773 2428; x_wconf 86' lang='grc' dir='ltr'><strong><em>ταχίστην</em></strong></span> <span class='ocrx_word' id='word_1_159' title='bbox 793 2340 964 2409; x_wconf 80' lang='grc' dir='ltr'><strong><em>ἐκέλευσεν</em></strong></span> <span class='ocrx_word' id='word_1_160' title='bbox 983 2341 1020 2408; x_wconf 88' lang='grc' dir='ltr'><strong><em>έκ</em></strong></span> <span class='ocrx_word' id='word_1_161' title='bbox 1038 2351 1099 2410; x_wconf 82' lang='grc' dir='ltr'><strong><em>τοῦ</em></strong></span> <span class='ocrx_word' id='word_1_162' title='bbox 1113 2367 1139 2406; x_wconf 86' lang='grc' dir='ltr'><strong><em>ω</em></strong></span> 
     </span>
     <span class='ocr_line' id='line_1_22' title="bbox 83 2447 1099 2539; baseline -0.001 -23"><span class='ocrx_word' id='word_1_163' title='bbox 83 2451 243 2539; x_wconf 80' lang='grc' dir='ltr'><strong><em>χάρακος,</em></strong></span> <span class='ocrx_word' id='word_1_164' title='bbox 270 2447 448 2534; x_wconf 89' lang='grc' dir='ltr'><strong><em>ἀπειλήσας</em></strong></span> <span class='ocrx_word' id='word_1_165' title='bbox 470 2450 531 2534; x_wconf 84' lang='grc' dir='ltr'><strong><em>ὡς,</em></strong></span> <span class='ocrx_word' id='word_1_166' title='bbox 558 2451 589 2514; x_wconf 87' lang='grc' dir='ltr'><strong><em>εί</em></strong></span> <span class='ocrx_word' id='word_1_167' title='bbox 615 2450 659 2534; x_wconf 87' lang='grc' dir='ltr'><strong><em>μή</em></strong></span> <span class='ocrx_word' id='word_1_168' title='bbox 687 2452 903 2535; x_wconf 70' lang='grc' dir='ltr'><strong><em>ποιήσουσιν,</em></strong></span> <span class='ocrx_word' id='word_1_169' title='bbox 931 2450 976 2527; x_wconf 83' lang='grc' dir='ltr'><strong><em>ὡς</em></strong></span> <span class='ocrx_word' id='word_1_170' title='bbox 1002 2472 1099 2516; x_wconf 86' lang='grc' dir='ltr'><strong><em>κατα-</em></strong></span> 
     </span>
     <span class='ocr_line' id='line_1_23' title="bbox 84 2553 1100 2643; baseline -0.003 -20"><span class='ocrx_word' id='word_1_171' title='bbox 84 2560 221 2634; x_wconf 86' lang='grc' dir='ltr'><strong><em>σκόποις</em></strong></span> <span class='ocrx_word' id='word_1_172' title='bbox 257 2557 428 2643; x_wconf 85' lang='grc' dir='ltr'><strong><em>χρήσεται·</em></strong></span> <span class='ocrx_word' id='word_1_173' title='bbox 470 2553 617 2622; x_wconf 78' lang='grc' dir='ltr'><strong><em>κάκεῖνοι</em></strong></span> <span class='ocrx_word' id='word_1_174' title='bbox 659 2565 764 2642; x_wconf 81' lang='grc' dir='ltr'><strong><em>σιωπή</em></strong></span> <span class='ocrx_word' id='word_1_175' title='bbox 808 2554 960 2632; x_wconf 82' lang='grc' dir='ltr'><strong><em>ἀπιόντες</em></strong></span> <span class='ocrx_word' id='word_1_176' title='bbox 995 2555 1100 2633; x_wconf 78' lang='grc' dir='ltr'><strong><em>εὐθὺς</em></strong></span> 
     </span>
     <span class='ocr_line' id='line_1_24' title="bbox 83 2658 1139 2752; baseline -0.001 -21"><span class='ocrx_word' id='word_1_177' title='bbox 83 2662 221 2752; x_wconf 74' lang='grc' dir='ltr'><strong><em>ᾤχοντο.</em></strong></span> <span class='ocrx_word' id='word_1_178' title='bbox 271 2666 437 2751; x_wconf 80' lang='grc' dir='ltr'><strong><em>μαθόντες</em></strong></span> <span class='ocrx_word' id='word_1_179' title='bbox 469 2659 499 2727; x_wconf 91' lang='grc' dir='ltr'><strong><em>δ’</em></strong></span> <span class='ocrx_word' id='word_1_180' title='bbox 532 2663 567 2729; x_wconf 84' lang='grc' dir='ltr'><strong><em>οί</em></strong></span> <span class='ocrx_word' id='word_1_181' title='bbox 592 2659 771 2747; x_wconf 83' lang='grc' dir='ltr'><strong><em>βουλευταὶ</em></strong></span> <span class='ocrx_word' id='word_1_182' title='bbox 804 2661 892 2748; x_wconf 86' lang='grc' dir='ltr'><strong><em>παρά</em></strong></span> <span class='ocrx_word' id='word_1_183' title='bbox 923 2670 990 2725; x_wconf 82' lang='grc' dir='ltr'><strong><em>τῶν</em></strong></span> <span class='ocrx_word' id='word_1_184' title='bbox 1021 2658 1139 2746; x_wconf 82' lang='grc' dir='ltr'><strong><em>πρέ-3</em></strong></span> 
     </span>
     <span class='ocr_line' id='line_1_25' title="bbox 84 2764 1099 2856; baseline -0.005 -20"><span class='ocrx_word' id='word_1_185' title='bbox 84 2775 193 2856; x_wconf 87' lang='grc' dir='ltr'><strong><em>σβεων</em></strong></span> <span class='ocrx_word' id='word_1_186' title='bbox 225 2771 283 2847; x_wconf 85' lang='grc' dir='ltr'><strong><em>τάς</em></strong></span> <span class='ocrx_word' id='word_1_187' title='bbox 314 2769 476 2847; x_wconf 74' lang='grc' dir='ltr'><strong><em>αὐθάδεις</em></strong></span> <span class='ocrx_word' id='word_1_188' title='bbox 506 2768 695 2856; x_wconf 88' lang='grc' dir='ltr'><strong><em>ἀποκρίσεις</em></strong></span> <span class='ocrx_word' id='word_1_189' title='bbox 717 2766 761 2854; x_wconf 82' lang='grc' dir='ltr'><strong><em>Ιτε</em></strong></span> <span class='ocrx_word' id='word_1_190' title='bbox 793 2764 849 2834; x_wconf 81' lang='grc' dir='ltr'><strong><em>καὶ</em></strong></span> <span class='ocrx_word' id='word_1_191' title='bbox 875 2766 1011 2844; x_wconf 85' lang='grc' dir='ltr'><strong><em>ἀπειλάς</em></strong></span> <span class='ocrx_word' id='word_1_192' title='bbox 1038 2777 1099 2832; x_wconf 85' lang='grc' dir='ltr'><strong><em>τοῦ</em></strong></span> 
     </span>
     <span class='ocr_line' id='line_1_26' title="bbox 82 2869 1139 2965; baseline -0.009 -23"><span class='ocrx_word' id='word_1_193' title='bbox 82 2879 242 2965; x_wconf 90' lang='grc' dir='ltr'><strong><em>Μαρκίου</em></strong></span> <span class='ocrx_word' id='word_1_194' title='bbox 272 2877 429 2963; x_wconf 84' lang='grc' dir='ltr'><strong><em>στρατιάν</em></strong></span> <span class='ocrx_word' id='word_1_195' title='bbox 459 2873 520 2960; x_wconf 73' lang='grc' dir='ltr'><strong><em>μὲν</em></strong></span> <span class='ocrx_word' id='word_1_196' title='bbox 541 2874 729 2964; x_wconf 69' lang='grc' dir='ltr'><strong><em>ζὺπερόριον</em></strong></span> <span class='ocrx_word' id='word_1_197' title='bbox 760 2873 889 2958; x_wconf 82' lang='grc' dir='ltr'><strong><em>ἐξάγειν</em></strong></span> <span class='ocrx_word' id='word_1_198' title='bbox 918 2869 998 2938; x_wconf 73' lang='grc' dir='ltr'><strong><em>οὐδὲ</em></strong></span> <span class='ocrx_word' id='word_1_199' title='bbox 1025 2876 1099 2940; x_wconf 89' lang='grc' dir='ltr'><strong><em>τότε</em></strong></span> <span class='ocrx_word' id='word_1_200' title='bbox 1113 2893 1139 2933; x_wconf 79' lang='grc' dir='ltr'><strong><em>ω</em></strong></span> 
     </span>
    </p>
   </div>
   <div class='ocr_carea' id='block_1_5' title="bbox 39 3081 1098 3228">
    <p class='ocr_par' dir='ltr' id='par_1_5' title="bbox 39 3081 1098 3228">
     <span class='ocr_line' id='line_1_27' title="bbox 39 3081 1098 3158; baseline -0.004 -15"><span class='ocrx_word' id='word_1_201' title='bbox 39 3130 43 3137; x_wconf 86' lang='grc'><em>.</em></span> <span class='ocrx_word' id='word_1_202' title='bbox 154 3085 449 3158; x_wconf 82' lang='grc' dir='ltr'><strong><em>3ἀξιάσ&lt;ο&gt;νταςΒ</em></strong></span> <span class='ocrx_word' id='word_1_203' title='bbox 558 3083 815 3152; x_wconf 85' lang='grc' dir='ltr'><strong><em>8ποιήσασθαιο</em></strong></span> <span class='ocrx_word' id='word_1_204' title='bbox 845 3090 961 3152; x_wconf 84' lang='grc' dir='ltr'><strong><em>ποιήσαι</em></strong></span> <span class='ocrx_word' id='word_1_205' title='bbox 979 3081 1010 3136; x_wconf 86' lang='lat' dir='ltr'><strong><em>in</em></strong></span> <span class='ocrx_word' id='word_1_206' title='bbox 1029 3082 1098 3139; x_wconf 76' lang='lat' dir='ltr'><strong>edit.</strong></span> 
     </span>
     <span class='ocr_line' id='line_1_28' title="bbox 82 3153 1093 3228; baseline -0.007 -15"><span class='ocrx_word' id='word_1_207' title='bbox 82 3156 236 3228; x_wconf 79' lang='lat' dir='ltr'><strong>Kiessling.</strong></span> <span class='ocrx_word' id='word_1_208' title='bbox 256 3159 363 3226; x_wconf 75' lang='lat' dir='ltr'><strong>exstat,</strong></span> <span class='ocrx_word' id='word_1_209' title='bbox 392 3159 440 3213; x_wconf 83' lang='lat' dir='ltr'><strong><em>sed</em></strong></span> <span class='ocrx_word' id='word_1_210' title='bbox 458 3155 532 3211; x_wconf 88' lang='lat' dir='ltr'>nihil</span> <span class='ocrx_word' id='word_1_211' title='bbox 557 3157 675 3211; x_wconf 77' lang='lat' dir='ltr'><strong>notatur</strong></span> <span class='ocrx_word' id='word_1_212' title='bbox 783 3163 816 3213; x_wconf 75' lang='lat'><strong><em>16</em></strong></span> <span class='ocrx_word' id='word_1_213' title='bbox 835 3157 930 3216; x_wconf 76' lang='grc' dir='ltr'><strong><em>αὐτοῖς</em></strong></span> <span class='ocrx_word' id='word_1_214' title='bbox 948 3154 1013 3210; x_wconf 80' lang='lat' dir='ltr'><strong>add.</strong></span> <span class='ocrx_word' id='word_1_215' title='bbox 1033 3153 1056 3206; x_wconf 95' lang='lat' dir='ltr'>B</span> <span class='ocrx_word' id='word_1_216' title='bbox 1079 3153 1093 3225; x_wconf 54' lang='grc' dir='ltr'><strong><em>,ή</em></strong></span> 
     </span>
    </p>
   </div>
   <div class='ocr_carea' id='block_1_6' title="bbox 76 3251 1100 3496">
    <p class='ocr_par' dir='ltr' id='par_1_6' title="bbox 76 3251 1100 3496">
     <span class='ocr_line' id='line_1_29' title="bbox 76 3251 1100 3356; baseline -0.004 -19"><span class='ocrx_word' id='word_1_217' title='bbox 76 3251 294 3356; x_wconf 66' lang='grc' dir='ltr'><strong><em>’σονβοάλενεΒ</em></strong></span> <span class='ocrx_word' id='word_1_218' title='bbox 384 3287 418 3335; x_wconf 80' lang='lat'><strong><em>21</em></strong></span> <span class='ocrx_word' id='word_1_219' title='bbox 438 3280 604 3349; x_wconf 86' lang='grc' dir='ltr'><strong><em>ἀπειλήσας,</em></strong></span> <span class='ocrx_word' id='word_1_220' title='bbox 633 3280 719 3343; x_wconf 69' lang='grc' dir='ltr'><strong><em>οὕτως</em></strong></span> <span class='ocrx_word' id='word_1_221' title='bbox 742 3279 770 3334; x_wconf 90' lang='grc' dir='ltr'><strong><em>εί</em></strong></span> <span class='ocrx_word' id='word_1_222' title='bbox 791 3280 828 3351; x_wconf 87' lang='grc' dir='ltr'><strong><em>μή</em></strong></span> <span class='ocrx_word' id='word_1_223' title='bbox 850 3277 1030 3347; x_wconf 82' lang='grc' dir='ltr'><strong><em>ποιήσουσιν,</em></strong></span> <span class='ocrx_word' id='word_1_224' title='bbox 1063 3278 1100 3341; x_wconf 84' lang='grc' dir='ltr'><strong><em>ὡς</em></strong></span> 
     </span>
     <span class='ocr_line' id='line_1_30' title="bbox 82 3349 1098 3423; baseline -0.005 -14"><span class='ocrx_word' id='word_1_225' title='bbox 82 3353 273 3415; x_wconf 83' lang='grc' dir='ltr'><strong><em>κατασκόποις</em></strong></span> <span class='ocrx_word' id='word_1_226' title='bbox 291 3352 448 3423; x_wconf 86' lang='grc' dir='ltr'><strong><em>χρήσεσθαι</em></strong></span> <span class='ocrx_word' id='word_1_227' title='bbox 466 3369 490 3408; x_wconf 86' lang='grc' dir='ltr'><strong><em>ο.</em></strong></span> <span class='ocrx_word' id='word_1_228' title='bbox 508 3352 638 3408; x_wconf 75' lang='lat' dir='ltr'>Hertlein</span> <span class='ocrx_word' id='word_1_229' title='bbox 655 3352 773 3407; x_wconf 83' lang='lat' dir='ltr'>Hermes</span> <span class='ocrx_word' id='word_1_230' title='bbox 791 3351 818 3406; x_wconf 93' lang='lat' dir='ltr'>X</span> <span class='ocrx_word' id='word_1_231' title='bbox 832 3358 884 3408; x_wconf 69' lang='lat'><strong><em>41⁵1</em></strong></span> <span class='ocrx_word' id='word_1_232' title='bbox 938 3356 973 3405; x_wconf 76' lang='grc' dir='ltr'><strong><em>λδ</em></strong></span> <span class='ocrx_word' id='word_1_233' title='bbox 992 3349 1098 3420; x_wconf 79' lang='grc' dir='ltr'><strong><em>ὑπερό-</em></strong></span> 
     </span>
     <span class='ocr_line' id='line_1_31' title="bbox 82 3422 573 3496; baseline -0.006 -15"><span class='ocrx_word' id='word_1_234' title='bbox 82 3445 145 3496; x_wconf 88' lang='grc' dir='ltr'><strong><em>ριον</em></strong></span> <span class='ocrx_word' id='word_1_235' title='bbox 166 3425 189 3480; x_wconf 94' lang='grc' dir='ltr'><strong>Ο</strong></span> <span class='ocrx_word' id='word_1_236' title='bbox 208 3426 367 3494; x_wconf 76' lang='grc' dir='ltr'><strong><em>ὑπαίθριον</em></strong></span> <span class='ocrx_word' id='word_1_237' title='bbox 386 3441 409 3480; x_wconf 88' lang='grc' dir='ltr'><strong><em>ο.</em></strong></span> <span class='ocrx_word' id='word_1_238' title='bbox 428 3422 573 3492; x_wconf 81' lang='lat' dir='ltr'>Kiessling</span> 
     </span>
    </p>
   </div>
   <div class='ocr_carea' id='block_1_7' title="bbox 885 3511 936 3564">
    <p class='ocr_par' dir='ltr' id='par_1_7' title="bbox 885 3511 936 3564">
     <span class='ocr_line' id='line_1_32' title="bbox 885 3511 936 3564; baseline 0 0"><span class='ocrx_word' id='word_1_239' title='bbox 885 3511 936 3564; x_wconf 77' lang='lat'><strong><em>12*</em></strong></span> 
     </span>
    </p>
   </div>
   <div class='ocr_carea' id='block_1_8' title="bbox 0 0 1216 3848">
    <p class='ocr_par' dir='ltr' id='par_1_8' title="bbox 0 0 1216 3848">
     <span class='ocr_line' id='line_1_33' title="bbox 0 0 1216 3848; baseline 0 0"><span class='ocrx_word' id='word_1_240' title='bbox 0 0 1216 3848; x_wconf 95' lang='lat' dir='ltr'><strong><em> </em></strong></span> 
     </span>
    </p>
   </div>
  </div>
 </body>
</html>
