2424 3848
510 174 670 222 -Ζ-
1052 169 1093 235 87

73 331 111 398 έν
130 334 401 420 τῷπροσήκοντι
420 335 545 421 κόσμῳ,
562 333 715 417 φυλακήν
729 331 888 416 οὐδεμίαν
902 333 978 418 άχρι
996 334 1094 399 τοῦδε

72 440 243 523 φαίνεσθε
262 435 487 523 πεποιημένοι.
518 437 573 503 καὶ
591 436 666 524 περὶ
681 434 742 522 μὲν
755 439 850 523 ὑμῶν
865 439 957 504 οὔπω
972 440 1095 522 ἔδεισα,
1109 443 1129 508 6

72 546 121 630 μή
148 546 358 630 διαφθαρῆτε
379 545 439 621 τὰς
457 546 606 621 διανοίας
623 545 689 610 ὑπό
707 567 741 608 τε
761 541 925 628 μεγέθους
941 542 996 609 καὶ
1014 546 1095 627 πλή-

69 658 166 728 θους
185 649 336 736 ἀγαθῶν,
355 653 390 716 οἳ
405 653 603 738 τυραννίδος
621 674 655 716 τε
669 655 893 736 πολυχρονίου
906 651 1095 736 ήλευθερω·

70 781 155 824 κατε
189 758 251 841 τήν
279 761 377 824 πόλιν
409 759 547 844 ἔναγχος
578 755 633 823 καὶ
666 757 758 823 οὔπω
788 759 911 843 σχολήν
940 755 1094 843 ἐσχήκατε
1122 784 1134 826 ο

70 864 228 950 ὑβρίζειν
254 862 310 929 καὶ
338 873 469 951 τρυφᾶν
497 865 552 930 διὰ
582 867 660 941 τοὺς
688 875 836 949 συνεχεῖς
865 861 920 929 καὶ
949 866 1095 948 μακροὺς

24 969 257 1055 Μκπολέμους·
285 968 360 1057 περὶ
382 967 420 1036 δὲ
442 981 510 1037 τῖον
532 967 609 1055 μεθ’
631 971 716 1056 ὑμᾶς
738 969 906 1055 ἐωμένων
929 969 1095 1055 ἐνθυμού-

72 1100 179 1161 μενος
207 1076 286 1153 ὅσας
313 1076 331 1141 δ
358 1078 483 1160 μακρὸς
509 1079 592 1142 αίὼν
619 1073 713 1164 φέρει
740 1079 923 1161 μεταβολὰς
950 1073 1095 1160 δέδοικα,

73 1189 123 1268 μή
142 1205 175 1248 τι
194 1184 475 1268 παρακινήσαντες
494 1184 529 1248 οί
545 1181 682 1249 δυνατοὶ
696 1183 776 1267 <οί>
792 1182 827 1248 έκ
840 1192 901 1249 τοῦ
915 1183 1094 1267 συνεδρίου

74 1289 233 1354 λάθωσιν
265 1291 313 1366 είς
346 1293 530 1375 μοναρχίαν
561 1292 598 1356 τὸ
630 1293 810 1373 πολίτευμα
842 1290 1095 1375 περιστήσαντες
1110 1316 1135 1356 ιο

75 1397 294 1482 τυραννικήν.

146 1499 234 1566 LVI.
262 1498 339 1567 Ἐάν
363 1496 426 1568 οὖν
448 1504 672 1586 κοινωνήσητε
694 1500 749 1567 καὶ
772 1510 817 1590 τῷ
839 1503 932 1591 δήμφ
951 1511 1017 1567 τῶν
1035 1522 1094 1566 πο-

77 1607 295 1692 λιτευμάτων,
318 1603 422 1673 οὐθὲν
441 1607 523 1691 ὑμῖν
541 1606 664 1673 ἐνθάδε
687 1608 826 1693 φύσεται
847 1610 963 1692 κακόν,
985 1604 1093 1673 &m

77 1713 183 1781 πλέον
211 1717 298 1798 ἔχειν
325 1725 393 1779 τῶν
415 1715 528 1779 άλλων
550 1713 651 1792 ἀξιῶν
674 1712 729 1779 καὶ
751 1723 809 1798 τής
831 1718 954 1799 βουλῆς
975 1731 1094 1801 προσε-

78 1821 311 1908 ταιρισάμενος
323 1822 382 1886 τὸν
395 1823 604 1905 βουλόμενον
618 1832 795 1887 συννοσεῖν
813 1819 868 1886 καὶ
887 1823 1093 1887 συναδικεῖν·
1108 1849 1133 1891 ιο

78 1928 186 1994 πάντα
212 1928 276 2012 γάρ
305 1927 344 1992 τὰ
366 1929 476 1993 είκότα
498 1929 561 2014 χρή
584 1925 660 2014 περὶ
682 1930 808 2004 πόλεως
830 1925 1095 2012 βουλευομένους
1133 1967 1136 1972 .

77 2044 250 2122 προνοεῖν·
281 2031 417 2118 κληθεὶς
444 2033 510 2100 ὑπὸ
537 2044 604 2099 τῖον
632 2033 809 2120 δημάρχων
837 2036 885 2111 είς
906 2035 943 2100 τὸ
965 2021 1118 2117 πλῆθος

78 2141 97 2207 ὁ
129 2139 231 2224 μέγας
263 2139 390 2217 ἐκεῖνος
420 2139 476 2206 καὶ
508 2143 628 2225 σεμνὸς
658 2140 824 2207 ἀποδώσει
853 2149 898 2227 τῷ
926 2142 1019 2228 δήμφ
1047 2149 1092 2227 τῷ

77 2249 198 2334 φαύλφ
215 2245 270 2312 καὶ
288 2256 430 2334 ταπεινῷ
450 2250 552 2331 λόγον
572 2242 619 2313 ὧν
637 2247 772 2334 πράττει
785 2270 819 2312 τε
833 2244 888 2312 καὶ
903 2248 1093 2332 διανοεῖται,

77 2353 140 2420 κάν
166 2352 291 2419 ἀδικῶν
313 2357 471 2438 φαίνηται
495 2356 606 2438 δίκης,
632 2349 671 2437 ής
694 2353 735 2419 άν
758 2353 849 2432 άξιος
871 2346 909 2441 ᾖ,
937 2353 1092 2432 τεύξεται.
1107 2383 1133 2424 ιο

77 2460 180 2526 αὐτὸν
209 2457 246 2525 δὲ
273 2461 333 2525 τὸν
355 2461 479 2544 δῆμον,
506 2461 561 2526 ἵνα
584 2461 629 2544 μή
651 2470 763 2548 τρυφᾷ
784 2460 980 2545 τηλικαύτης
1002 2460 1129 2539 ἐξω-2

79 2570 151 2645 σίας
174 2568 352 2650 γενόμενος
374 2567 505 2652 κύριος,
532 2563 610 2652 μηδ’
632 2567 698 2632 ὑπὸ
721 2577 787 2632 τῶν
810 2570 975 2633 κακίστων
998 2566 1092 2651 ἐκδη-

24 2673 338 2757 τ43μαχωγούμενος
355 2684 425 2750 τοῖς
443 2677 629 2759 κρατίστοις
645 2676 784 2759 πολεμῇ·
803 2671 858 2738 καὶ
877 2674 939 2757 γάρ
955 2672 992 2737 ἐν
1006 2674 1093 2761 ὅχλφ

77 2785 171 2865 φιλεῖ
197 2782 352 2863 γίνεσθαι
379 2783 549 2864 τυραννίς
581 2778 720 2865 φυλάξει
743 2803 779 2846 τε
801 2777 857 2845 καὶ
881 2775 982 2845 οὐδέν
1005 2776 1094 2844 έάσει

78 2895 283 2971 παρανομεῖν
307 2885 325 2951 ὁ
349 2885 519 2972 διαφέρων
545 2888 707 2972 φρονήσει
734 2886 819 2972 άνήρ
848 2885 1008 2969 δικτάτωρ
1031 2882 1090 2970 ὑφ’
1107 2912 1133 2953 ιε

79 2993 174 3077 ὑμῶν
197 2992 358 3079 αἱρεθείς,
385 2991 422 3070 ὃς
445 2992 662 3079 αὐτοκράτορι
684 2991 740 3059 καὶ
762 2991 985 3081 ἀνυπευθύνῳ
1008 2992 1092 3076 χρά-

149 3225 165 3272 9
186 3217 216 3274 oc
233 3219 296 3275 add.
313 3219 472 3288 Stephanus
529 3227 562 3275 13
580 3221 646 3290 ὑμῖν
666 3219 730 3273 add.
745 3218 768 3271 Β
785 3220 790 3288 Ι
807 3213 914 3272 ἐνθάδε
930 3220 952 3274 Ο
972 3214 1092 3275 ἐνθένδε

82 3288 201 3414 δχΙοοερ
274 3296 306 3344 15
325 3297 455 3346 συννοεῖν
474 3291 496 3345 0
517 3307 587 3345 corr.
605 3289 709 3345 Reiske
784 3296 816 3344 16
835 3288 870 3380 τδρ
888 3306 942 3344 om.
961 3291 986 3343 A
1058 3296 1093 3345 20

82 3379 132 3415 ιν
157 3363 183 3414 A
211 3359 260 3415 καὶ
284 3358 338 3415 κᾶν
363 3360 386 3421 Β
459 3368 491 3416 21
519 3362 604 3417 αὐτὸν
628 3361 659 3416 δέ
683 3361 732 3415 τὸν
754 3360 780 3414 Α
806 3362 893 3416 αὐτον
916 3361 947 3417 δὲ
971 3360 1092 3500 δήη>1ἐ

83 3437 114 3485 24
133 3431 273 3501 φυλάξητε
291 3431 341 3486 καὶ
355 3432 439 3487 οὐδὲν
454 3427 564 3501 έάσηΑ
618 3436 652 3487 26
672 3430 817 3503 διαφέρων
831 3432 903 3502 ἀνὴρ
918 3453 992 3504 φρον
1013 3450 1055 3487 σει
