2424 3848
444 163 680 246 .”Ζ“

87 323 128 400 ἃς
151 322 193 389 ού
215 325 329 409 καιρὸς
352 321 390 387 έν
413 330 458 409 τῷ
477 324 617 407 παρόντι
635 320 757 404 λέγειν,
779 319 834 386 καὶ
852 324 973 406 χρόνος
992 319 1107 398 οὐθεὶς

86 427 185 517 μέχρι
208 439 269 495 τοῦ
290 432 456 515 παρόντος
478 427 666 512 ἀπομαθεῖν
685 426 705 511 ῆ
724 431 960 514 παρανομῆσαί
979 451 1010 493 τι
1030 425 1106 513 περὶ

36 539 169 613 λεκτοὺς
196 535 399 621 ὀργιασμοὺς
427 545 495 600 τῶν
523 541 616 600 θεῶν
644 536 773 600 ἔπεισεν
801 532 870 600 ούτ’
902 536 1106 617 Αἰγυπτίους

86 643 167 709 οὑτε
190 645 319 727 Λίβυας
342 642 418 708 ούτε
441 642 590 718 Κελτοὺς
616 641 693 706 οὔτε
716 641 855 718 Σκύθας
885 638 954 706 οὔτ’
978 639 1106 718 Ἰνδοὺς

85 745 161 816 οὔτ’
187 750 269 814 ἀλλο
297 748 468 834 βάρβαρον
495 749 597 824 ἔθνος
623 743 724 813 οὐδὲν
747 745 870 825 ἁπλῶς·
898 750 930 813 εί
951 751 995 832 μῆ
1018 770 1105 825 τινες
1132 766 1145 808 ε

83 851 146 940 ὑφ’
176 852 297 940 ἑτέρων
320 854 453 942 ἐξουσίᾳ
474 849 553 919 ποτε
576 856 751 937 χωόμενοι
774 853 814 917 τὰ
836 863 903 919 τῶν
921 856 1104 940 κρατησάν-

83 984 156 1026 των
183 960 444 1044 ῆναχκάσθησαν
472 957 712 1043 ἐπιτηδεύματα
744 962 948 1043 μεταλαβεῖν.
998 969 1037 1045 τῆ
1067 958 1104 1027 δέ

78 1065 253 1150 Ῥωμαίων
276 1068 371 1132 πόλει
393 1064 547 1148 τοιαύτης
574 1063 732 1130 οὐδέποτε
755 1070 956 1150 πειραθῆναι
980 1065 1103 1151 συνέβη

81 1175 200 1258 τύχης,
223 1168 294 1237 ἀλλ’
318 1171 399 1254 αὐτῆ
422 1171 462 1235 τὰ
485 1171 597 1235 δίκαια
615 1169 722 1235 τάττει
746 1171 801 1236 δια
824 1173 948 1247 παντὸς
971 1168 1103 1256 ἑτέροις.

82 1281 117 1346 εἰ
140 1279 183 1363 δὴ
207 1278 377 1364 βάρβαρον
400 1277 510 1342 αὐτῶν
533 1279 570 1342 τὸ
589 1274 686 1360 γένος
703 1271 758 1361 ῆν,
780 1277 942 1342 τοσούτου
966 1276 1008 1342 ἀν
1031 1258 1144 1373 έδεὶξ0

81 1402 175 1470 ησαν
197 1382 294 1450 αὑτοὶ
315 1385 355 1450 τδι
377 1391 513 1472 πατρῷα
537 1384 608 1469 ίερδι
631 1380 787 1460 καὶτοὺς
814 1381 1009 1469 ἐπιχωρίους
1032 1383 1103 1450 ἐθι-

82 1493 193 1577 σμοὺς
216 1490 416 1575 ἀπομαθεῖν,
443 1486 487 1554 δι’
515 1489 574 1566 οὑς
596 1491 644 1567 είς
665 1491 831 1573 τοσαύτην
853 1494 1028 1575 προῆλθον
1050 1491 1104 1556 εύ-

82 1600 278 1682 δαιμονίαν,
302 1598 385 1663 ὥστε
407 1593 463 1662 καὶ
482 1606 552 1673 τοῖς
569 1597 684 1673 ἀλλοις
701 1597 836 1680 ἅπασιν,
859 1590 906 1660 ὧν
925 1591 1042 1682 ῆρχον,
1066 1596 1103 1663 έν

80 1709 177 1792 καλῷ
196 1701 399 1788 κατέστησαν
416 1705 495 1779 τοὺς
511 1704 615 1779 θεοὺς
628 1713 698 1779 τοῖς
712 1701 883 1787 σφετέροις
897 1711 996 1787 τιμᾶν
1009 1707 1103 1789 νομί-

82 1830 175 1896 μοις·
203 1808 258 1875 καὶ
285 1804 390 1875 οὐθέν
413 1806 455 1872 διν
478 1806 643 1874 έκύλυσεν
671 1809 760 1873 ἀπαν
786 1806 1102 1895 ἐκβεβαρβαρῶσθαι
1117 1828 1143 1870 ιτ

75 1919 123 1983 ’τὸ
143 1914 338 2001 Ἑλληνικὸν
356 1914 422 1980 ὑπὸ
441 1910 609 1999 Ῥωμαίων
629 1911 774 1999 ἑβδόμην
792 1915 856 1998 ῆδη
875 1916 1102 2000 κρατούμενον

82 2018 144 2088 ὑπ’
171 2022 282 2088 αὐτῶν
305 2020 435 2105 χενεάν,
457 2025 548 2106 εἴπερ
572 2015 659 2105 ἦσαν
682 2020 854 2106 βάρβαροι.

36 2149 81 2200 83
154 2127 271 2192 LXXI.
303 2125 437 2213 Ἕτερος
463 2123 524 2210 μὲν
552 2121 615 2192 οὖν
638 2126 788 2213 ἀποχρῆν
810 2126 853 2192 ἀν
875 2125 1019 2212 ὑπέλαβε
1047 2126 1102 2193 καὶ

82 2235 171 2300 αὐτὰ
200 2235 240 2299 τὰ
268 2244 334 2300 νῦν
363 2235 570 2319 πραττόμενα
600 2232 637 2299 έν
666 2242 705 2318 τῆ
736 2236 830 2298 πόλει
859 2233 1033 2318 μηνύματα
1061 2235 1102 2301 οὐ

82 2341 187 2426 μικρὰ
209 2351 276 2405 τῶν
298 2344 448 2405 παλαιῶν
466 2337 734 2423 ἐπιτηδευμάτων
751 2339 945 2424 ὑπολαβεῖν·
969 2339 1033 2424 ἐγὼ
1054 2338 1100 2428 δ’,
1115 2365 1141 2405 ιο

82 2448 143 2512 ἵνα
170 2449 215 2530 μῆ
243 2470 292 2523 τις
319 2445 445 2530 ἀσθενῆ
475 2447 537 2530 τῆν
559 2448 672 2512 πίστιν
694 2440 781 2511 εἶναι
803 2447 927 2529 ταύτην
949 2447 1100 2535 ὑπολάβη

83 2555 179 2636 [εἴτε]
199 2548 268 2617 κατ’
291 2549 421 2635 ἐκείνην
439 2553 500 2636 τῆν
519 2550 687 2617 ἀπίθανον
705 2551 885 2636 ὑπόληψιν,
909 2553 960 2619 ὅτι
978 2555 1102 2630 παντὸς

82 2669 146 2726 τοῦ
169 2655 364 2742 Ἑλληνικοῦ
392 2661 610 2742 κρατῆσαντες
638 2655 787 2742 ἀσμένως
820 2657 861 2724 δν
893 2661 932 2724 τδι
965 2661 1100 2742 κρείττω

82 2762 275 2850 μετέμαθον
298 2766 361 2847 ἔθη
380 2774 446 2828 τῶν
465 2761 650 2849 ἐπιχωρίων
668 2763 893 2849 ὑπεριδόντες,
917 2764 950 2843 ἐξ
970 2763 1099 2830 ἐκείνου

158 2996 191 3045 11
211 2996 327 3063 πατρῷα
347 2987 410 3062 ίερδι
427 2989 532 3045 Reiske
550 2999 647 3116 πρχῆχα
668 2989 730 3063 ίερδι
749 2989 771 3044 Ο
792 2991 841 3044 sed
860 2990 895 3045 cf.
911 2998 953 3059 97,
970 2996 1003 3045 14
1069 2999 1100 3046 13

81 3061 214 3119 πᾶσινΒ
304 3067 336 3116 19
357 3057 404 3116 ἐπὶ
421 3069 455 3133 τῆ
473 3061 554 3117 πόλει
630 3082 647 3116 ν
665 3083 689 3118 τ.
707 3081 738 3117 π.
755 3061 900 3132 Kiessling
919 3062 974 3116 del.
993 3062 1101 3130 Kayser

80 3135 156 3190 Ann.
175 3131 246 3204 phil.
262 3137 331 3187 1888
372 3137 445 3188 ,815
518 3140 552 3188 20
567 3132 739 3206 παλ<αι>ῶν
753 3132 776 3186 Β
792 3135 797 3201 Ι
813 3132 966 3206 ὑπολαβεῖν
987 3133 1009 3187 Ο
1029 3133 1100 3187 ἀπο-

82 3208 183 3280 λαβεῖν
202 3203 327 3258 Sintenis
346 3151 407 3258 Em.
426 3203 507 3258 Dion.
522 3203 562 3258 111
580 3223 607 3274 p.
623 3210 670 3271 10,
695 3203 749 3258 del.
768 3202 923 3273 Kiessling‚
948 3205 1100 3277 ὑπολαβεῖν

82 3293 107 3334 ο.
126 3275 301 3344 Grasberger
318 3274 483 3345 Philologus
498 3283 532 3330 28
546 3276 638 3345 (1869)
652 3293 679 3344 p.
695 3280 746 3330 553
801 3281 835 3328 22
855 3276 910 3330 εἴτε
930 3275 983 3330 del.
999 3275 1099 3330 Portus

83 3350 139 3404 εἴτε
163 3343 227 3402 κατ’
253 3345 339 3415 ἀλλην
368 3347 423 3401 εἴτε
446 3343 509 3401 κατ’
534 3340 647 3414 έκείνην
676 3362 699 3400 ο.
722 3344 848 3400 Sintenis
870 3346 931 3400 Em.
955 3346 1036 3402 Dion.
1060 3346 1100 3400 III

81 3439 109 3490 p.
127 3425 160 3474 10
