2424 3848
495 172 661 224 -Θ-
1018 170 1084 236 369

70 333 209 420 ίσχυρδις
239 336 383 418 λαβόντα
413 333 448 399 ἐκ
478 334 618 419 βάθρων
647 331 813 420 ἀνέτρεψε.
863 332 960 399 ταῦθ’
993 335 1119 420 ὑμῖν,7

69 435 97 504 ὦ
125 441 232 524 βουλή
238 490 248 524 ,
276 436 341 506 εἴθ’
368 437 450 525 ἡδέα
477 438 568 506 ἐστὶν
596 439 730 506 ἀκούειν
756 437 814 506 εἴτ’
841 426 977 529 ἀνιαρά,
1005 442 1085 526 μετά

68 545 178 630 πάσης
206 546 364 629 ἀληθείας
386 544 442 611 καὶ
464 549 649 632 παρρησίας
671 553 813 632 είρηται,
839 559 909 625 τοῖς
931 543 993 632 μὲν
1015 569 1085 613 πει-

69 650 295 737 σθησομένοις
312 652 418 736 ὑμῶν,
438 651 495 717 ἐάν
514 653 578 738 ἀρα
596 659 768 737 πεισθήτε,
786 655 823 718 ἐν
836 675 871 718 τε
885 662 931 740 τῷ
944 656 1085 740 παρόντι

69 761 214 846 χρήσιμα
236 756 292 823 καὶ
314 760 362 835 είς
384 760 421 823 τὸ
445 754 567 842 μέλλον
591 759 737 844 ἀσφαλή·
771 757 844 844 ἐμοὶ
868 755 915 844 δ’,
943 759 979 836 δς
1001 756 1083 846 ὑπὲρ
1110 780 1124 821 ι

69 875 131 931 τοῦ
162 873 258 950 κοινή
292 861 520 950 συμφέροντος
551 866 638 941 ἰδίας
667 864 845 950 ἀπεχθείας
873 866 1085 951 ἀναιροῦμαι,

69 976 204 1037 πολλῶν
227 970 367 1056 ἐσόμενα
389 972 560 1037 κινδύνων
583 978 680 1037 αῖτια.
717 981 867 1058 προορᾶν
890 973 953 1055 γάρ
973 972 1085 1049 λκανός
1110 1055 1113 1062 ἱ

69 1079 138 1162 είμι
165 1078 207 1142 τὰ
234 1080 470 1162 συμβησόμενα
493 1075 530 1142 ἐκ
552 1083 731 1163 λογισμοῦ,
757 1076 812 1144 καί
835 1080 1084 1165 παραδείγματα

69 1193 229 1267 ποιοῦμαι
251 1183 428 1269 τάλλότρια
451 1183 542 1267 πάθη
566 1193 633 1249 τῶν
656 1183 810 1269 ἐμαυτοῦ.

137 1286 244 1352 ΙιΙΙΠ.
280 1283 378 1352 Ταῦτ’
399 1289 551 1365 είπόντος
566 1284 705 1354 Ἀππίου
728 1287 867 1355 καὶτῶν
886 1291 997 1357 ἀλλων
1016 1290 1084 1357 όλί-
1099 1309 1126 1349 10

70 1418 134 1476 γον
158 1395 229 1460 δεῖν
251 1394 468 1477 πάντωντήν
491 1394 597 1478 αύτήν
619 1396 756 1479 γνώμην
778 1394 1044 1482 ἀποφηναμένων
1062 1396 1083 1481 ή

70 1496 132 1585 μὲν
155 1502 260 1585 βουλή
284 1501 441 1567 διελύετο.
475 1501 511 1566 οί
531 1498 569 1566 δὲ
592 1503 755 1587 δήμαρχοι
774 1499 818 1568 δι’
837 1504 937 1590 όργής
955 1506 1085 1590 ἔχοντες

70 1607 132 1690 τήν
150 1606 332 1693 ἀποτυχίαν
351 1604 500 1694 ἀπῄεσαν
519 1605 574 1673 καὶ
593 1610 673 1693 μετὰ
690 1607 781 1675 τοῦτ’
799 1607 973 1696 ἐσκόπουν,
996 1611 1084 1688 ὅπως
1157 1603 1159 1608 ’

24 1715 315 1800 εῖετιμωρήσονται
349 1715 408 1779 τὸν
438 1715 560 1800 ἀνδρα·
602 1712 716 1792 ἔδοξεν
746 1709 809 1781 οὖν
838 1715 950 1794 αὐτοῖς
978 1718 1085 1783 πολλά

72 1816 353 1904 βουλευσαμένοις
380 1821 457 1906 δίκη
484 1821 544 1886 τὸν
563 1818 706 1887 ’Ἀππιον
728 1822 912 1907 ὑπαγαγεῖν
934 1825 1084 1891 θάνατον
1099 1840 1125 1882 15

71 1923 193 2012 ἐχούση
220 1928 258 1990 τὸ
286 1928 417 2009 τίμημα.
467 1924 523 1991 καί
550 1928 631 2010 μετά
657 1921 748 1993 ταῦτ’
778 1926 814 1994 ἐν
843 1927 998 2017 ἐκκλησίᾳ
1024 1940 1084 1997 τοῦ

71 2031 195 2115 ἀνδρὸς
218 2032 500 2114 κατηγορήσαντες
522 2033 730 2117 παρεκάλουν
753 2034 847 2116 ήκειν
869 2036 1023 2111 ἅπαντας,
1037 2037 1085 2112 είς

71 2139 134 2221 τήν
157 2135 486 2222 ἀποδειχθησομένην
508 2135 634 2223 ἡμέραν
657 2137 701 2213 ὡς
720 2138 907 2215 διοίσοντας
924 2135 1007 2225 ὑπὲρ
1027 2140 1085 2203 αὐ-

71 2252 132 2310 τοῦ
157 2251 279 2327 ύήφον.
326 2238 408 2308 ἀδδ
429 2254 625 2329 κατηγορεῖν
647 2244 802 2327 ἔμελλον,
828 2240 918 2309 ταῦτ’
945 2239 1000 2328 ήν·
1033 2244 1120 2312 ὅτι2

70 2351 220 2435 πονηρδις
248 2348 352 2414 ἐτίθει
379 2351 461 2414 κατά
488 2360 548 2416 τοῦ
576 2351 684 2434 δήμου
711 2348 859 2434 γνώμας,
886 2347 941 2414 καί
969 2351 1085 2416 στάσιν
1099 2369 1127 2409 2⁰

71 2457 203 2539 εἰσῆγεν
232 2457 278 2532 είς
305 2456 366 2539 τήν
394 2459 509 2540 πόλιν,
535 2454 590 2521 καὶ
614 2456 771 2544 δημάρχφ
794 2466 905 2541 χεῖρας
927 2453 1085 2541 ἐπήνεγκε

73 2563 162 2647 παρά
180 2563 259 2638 τοὺς
279 2561 388 2645 ἱεροὺς
405 2564 544 2646 νόμους,
562 2560 617 2627 καὶ
636 2570 789 2647 στρατιᾶς
801 2562 1008 2646 ήγησάμενος
1021 2567 1085 2630 σὺν

73 2669 181 2756 βλάβη
203 2692 239 2734 τε
261 2667 318 2734 καὶ
340 2670 481 2755 αἰσχύνη
504 2669 629 2756 μεγάλη
653 2666 840 2755 ἀνέστρεψε.
880 2678 983 2734 ταῦτα
1005 2691 1085 2755 προ-

71 2778 220 2852 ειπόντες
248 2773 285 2840 ἐν
312 2784 357 2863 τῷ
384 2776 523 2858 πλήθει,
550 2773 605 2840 καὶ
633 2774 738 2861 ῥητήν
758 2798 834 2840 τινα
857 2768 1086 2852 ἀποδείξαντες

71 2880 211 2967 ήμέραν,
234 2878 272 2946 ἐν
294 2873 316 2967 ᾖ
338 2878 433 2956 τέλος
451 2882 580 2964 ἔφησαν
599 2879 774 2964 ἐπιθήσειν
793 2889 831 2966 τῇ
851 2883 939 2968 δίκη,
961 2882 1085 2966 παρήγ-
1099 2895 1127 2939 ιε

72 2992 187 3071 γειλαν
201 2986 289 3074 αύτῷ
304 2996 458 3071 παρεῖναι
471 2983 538 3051 τότ’
551 2984 837 3075 ἀπολογησομένῳ.
861 2986 1085 3068 ἀγανακτοῦν·
1100 2991 1121 3054 3

72 3117 140 3159 των
164 3091 194 3158 δ’
218 3091 373 3158 ἀπάντων
396 3102 462 3158 τῶν
486 3096 667 3180 πατρικίων
689 3090 746 3158 καὶ
768 3090 1085 3178 παρεσκευασμένων

145 3363 161 3410 6
184 3363 282 3410 κοινοῦ
302 3354 403 3411 ΑΒειΟ
426 3361 507 3425 κοινῇ
526 3353 574 3427 Bb
592 3370 615 3408 e.
635 3372 704 3412 corr.
796 3360 812 3408 9
835 3353 894 3408 *τά
913 3353 1043 3425 ἀλλότρια
1062 3354 1085 3410 Ο

75 3431 108 3480 12
132 3425 272 3482 διελέλυτο
292 3426 342 3480 Ac
416 3431 450 3478 14
472 3425 682 3496 τιμωρήσονται
700 3424 777 3480 ABb

126 3526 227 3568 Drom.
243 3526 308 3565 Ηειι.
317 3525 362 3565 111.
389 3535 428 3566 ιο.
442 3526 543 3567 δεοοεῑ.
893 3519 928 3567 24
