2424 3848
554 201 721 251 -Η-
1078 198 1141 262 251

129 360 167 428 ἐν
190 362 279 449 αίτίρι
306 363 384 438 τοὺς
410 358 592 448 προτέρους
618 355 709 445 εἶχον
740 360 928 448 δημάρχους
958 361 1003 438 ὡς
1024 363 1144 448 προδε-

131 471 278 544 δωκότας
309 469 347 533 τὸ
379 471 507 533 κοινόν·
541 466 707 552 ἐκκλησίαι
739 490 773 532 τε
804 478 953 552 συνεχεῖς
981 468 1047 534 ὑπὸ
1077 478 1144 534 τῶν

129 579 203 642 τότε
231 575 409 660 δημάρχων
439 573 589 656 ἐγίνοντο
617 572 673 639 καὶ
702 572 892 657 ἀπαιτήσεις
920 583 978 659 τής
1004 574 1144 660 ὑποσχέ-

129 699 222 760 σεως.
268 691 370 746 ταῦτα
391 681 584 757 συνιδόντες
602 681 638 745 οί
652 680 772 746 ύπατοι
790 682 927 766 γνώμην
946 680 1143 767 ἐποιήσαντο

129 785 284 872 πολέμων
311 787 476 870 προφάσει
503 786 540 850 τὸ
568 796 775 869 παρακινοῦν
805 785 841 852 ἐν
864 796 903 872 τή
926 790 1021 854 πόλει
1043 786 1144 872 μέρος
1171 809 1183 851 5

129 892 186 959 καὶ
208 895 450 978 ταραττόμενον
472 898 692 958 καταστεῖλαι·
724 895 816 979 ἔτυχε
840 894 902 978 γάρ
927 892 964 959 ἐν
985 903 1031 983 τῷ
1055 895 1144 981 αὐτῷ

128 1003 240 1087 χρόνφ
268 1002 457 1085 λῃστηρίοις
488 1021 522 1064 τε
551 999 616 1064 ὑπὸ
648 1010 715 1064 τῶν
742 1001 981 1086 πλησιοχώρων
1013 1003 1144 1066 πόλεων

129 1103 185 1172 καὶ
208 1107 431 1190 καταδρομαῖς
447 1122 536 1171 τισιν
553 1104 573 1189 ή
593 1114 635 1190 γή
654 1104 872 1191 βλαπτομένη.
907 1110 1066 1191 τιμωρίας
1081 1103 1142 1190 μὲν
1157 1114 1178 1179 3

130 1214 173 1296 δή
195 1222 263 1278 τῶν
286 1211 494 1277 ἀδικούντων
517 1210 613 1277 ἕνεκα
635 1213 830 1298 προύθεσαν
852 1213 892 1278 τὰ
913 1222 974 1279 τοῦ
996 1211 1143 1298 πολέμου

131 1330 259 1403 σημεῖα,
287 1316 342 1383 καὶ
365 1320 423 1395 τάς
444 1317 602 1402 δυνάμεις
623 1327 681 1401 τής
703 1320 830 1395 πόλεως
851 1316 1073 1405 κατέγραφον·
1103 1320 1143 1386 ού
1158 1343 1184 1384 ω

130 1427 338 1508 προσιόντων
366 1420 403 1489 δὲ
430 1432 468 1509 τή
496 1432 690 1509 καταγραφῇ
722 1434 790 1489 τῶν
816 1423 951 1511 ἀπόρων
983 1423 1143 1492 ἀδύνατοι

131 1534 225 1609 ὄντες
242 1534 303 1615 τήν
322 1530 358 1596 ἐκ
376 1542 443 1597 τῶν
461 1534 575 1616 νόμων
593 1530 741 1615 ἀνάγκην
759 1541 828 1608 τοῖς
846 1530 1024 1598 ἀπειθοῦσι
1041 1549 1144 1619 προσ-

130 1637 260 1723 φέρειν·
288 1640 546 1721 προειστήκεσαυ
573 1639 636 1723 γάρ
666 1646 727 1704 τοῦ
749 1640 902 1723 πλήθους
924 1639 960 1705 οί
980 1641 1144 1726 δήμαρχοι

53 1743 186 1816 17οικαλ
212 1746 376 1810 κωλύσειν
399 1746 552 1829 ἔμελλον,
580 1750 615 1809 εί
636 1767 686 1821 τις
713 1743 950 1831 ἐπιχειρήσειεν
974 1745 995 1830 ή
1017 1748 1057 1813 τὰ
1081 1749 1143 1813 σά-

130 1874 214 1937 ματα
237 1860 304 1916 τῶν
328 1850 549 1916 ἐκλειπόντων
571 1852 633 1935 τήν
652 1856 825 1938 στρατείαν
844 1853 938 1936 άγειν
959 1852 979 1936 ή
1002 1856 1042 1920 τὰ
1065 1857 1143 1940 χρή-
1158 1874 1183 1915 15

130 1980 215 2043 ματα
247 1956 376 2042 φέρειν·
415 1957 564 2034 ἀπειλαῖς
599 1959 800 2043 χρησάμενοι
836 1964 974 2036 πολλαῖς
1006 1960 1050 2036 ὡς
1081 1960 1143 2025 ούκ

130 2063 361 2151 ἐπιτρέψοντες
388 2076 457 2141 τοῖς
490 2064 682 2130 ἀνασείουσι
714 2068 751 2130 τὸ
782 2070 927 2149 πλῆθος,
958 2070 1143 2149 λεληθυῖαν

129 2171 279 2250 ὑποψίαν
292 2168 468 2237 κατέλιπον
480 2171 524 2248 ὡς
537 2170 714 2258 δικτάτορα
728 2170 968 2255 ἀποδείξοντες,
983 2170 1019 2248 ὃς
1028 2173 1142 2256 ἐμελλε

129 2273 315 2354 καταλύσας
340 2279 397 2354 τάς
423 2279 525 2354 άλλως
552 2277 654 2363 ἀρχάς
680 2278 742 2362 τήν
769 2280 973 2364 τυραννικήν
1000 2275 1055 2342 καὶ
1085 2277 1143 2344 ἀν-

127 2385 325 2450 υπεύθυνον
343 2387 445 2469 μόνος
463 2382 549 2462 ἕξειν
567 2382 730 2462 ἐξουσίαν.
763 2384 808 2460 ὡς
825 2379 863 2448 δὲ
880 2384 1004 2469 ταύτην
1022 2368 1179 2468 ἐλαβον4

129 2492 190 2575 τήν
213 2490 376 2556 ὑπόνοιαν
399 2490 434 2556 οί
454 2491 638 2574 δημοτικοί,
661 2490 839 2572 δείσαντες,
862 2489 906 2573 μή
925 2492 984 2556 τὸν
998 2489 1142 2557 ’Ἁππιον
1157 2442 1184 2481 2ο

128 2596 329 2675 ἀποδείξωσι
351 2598 471 2679 πικρὸν
495 2599 574 2662 όυτα
597 2593 651 2660 καὶ
673 2598 830 2680 χαλεπόν,
851 2597 958 2662 πάντα
980 2598 1044 2682 πρὸ
1066 2599 1142 2662 τού-

128 2728 189 2770 του
212 2703 351 2790 πάσχειν
373 2700 548 2786 ὑπέμενον.

196 2809 360 2875 LXXXII.
414 2806 502 2875 Ἐπεὶ
535 2806 571 2875 δὲ
602 2809 791 2893 κατεγράφη
828 2810 867 2873 τά
904 2810 1142 2896 στρατεύματα,

127 2919 378 3003 παραλαβόντες
405 2917 441 2982 οί
466 2915 586 2983 ύπατοι
617 2917 675 2993 τάς
707 2914 865 3000 δυνάμεις
897 2914 1058 3000 ἐξήγαγον
1089 2913 1142 2982 ἐπὶ
1156 2935 1183 2976 ιε

128 3026 207 3101 τοὺς
228 3027 415 3108 πολεμίους.
460 3025 648 3108 Κορνήλιος
670 3017 731 3106 μέν
754 3016 816 3088 οὖν
834 3024 882 3099 είς
902 3024 965 3107 τήν
985 3023 1143 3088 Οὐιεντα-

128 3141 200 3196 νῶν
232 3131 343 3214 χώραν
372 3128 525 3214 ἐμβαλὼν
550 3130 613 3213 τήν
645 3127 952 3213 ἐγκαταληφθεῖσαν
982 3132 1075 3195 λείαν
1105 3128 1143 3195 ἐν

202 3329 218 3376 3
237 3319 446 3395 ἀπ<αι>τήσεις
465 3322 487 3374 Β
576 3326 594 3374 4
612 3322 770 3382 συνειδότες
788 3319 838 3374 AO
930 3327 945 3375 6
965 3324 1143 3375 καταστειλαι

128 3392 195 3447 add.
215 3391 320 3462 AGmg
390 3398 406 3446 8
426 3391 477 3463 μὲν
497 3391 561 3446 add.
581 3393 605 3445 A
684 3399 716 3446 15
736 3387 906 3446 ἐκλιπόντων
924 3391 950 3445 A
968 3386 1143 3465 ἐκλ<ι>πόν-

127 3485 184 3518 των
203 3463 250 3517 Bb
324 3469 356 3518 18
376 3462 570 3536 κατέλ<ι>πον
588 3464 611 3517 Β
684 3470 717 3517 27
738 3458 1012 3532 ἐγκαταλειφθεῖσαν
1031 3463 1057 3516 Α
