2424 3848
107 153 174 218 τεο
530 183 565 194 -
601 154 627 208 ο
664 105 716 196 -’

108 313 289 400 δημάρχων
317 313 573 400 ἀντιλεξάντων,
604 314 696 382 ἐνίκα
722 317 811 402 παρά
838 317 963 393 πολλάς
989 319 1128 403 ψῆφους

106 421 127 504 ῆ
153 423 212 487 τὸν
231 423 337 505 νόμον
356 419 523 508 εἰσφέρειν
542 421 680 501 ἀξιοῦσα
699 422 823 507 γνῶμη.
857 421 1128 507 ἐπικυρωθέντος

108 523 146 591 δέ
169 536 229 592 τοῦ
252 527 541 613 προβουλεύματος
564 529 602 593 αλ
620 553 656 594 τε
675 531 758 594 ίδιαι
775 540 843 595 τῶν
862 529 1035 616 ἀρχόντων
1055 532 1127 596 δια-

108 631 211 719 φοραὶ
238 635 460 719 διελύθησαν,
487 633 543 700 καὶ
570 637 588 701 ὁ
616 637 720 721 δῆμος
747 635 920 719 ἀγαπητῶς
947 635 1127 721 δεξάμενος

73 731 146 846 55τὸ
174 741 372 827 συγχώρημα
395 749 452 825 τῆς
474 745 597 826 βουλῆς
621 739 802 827 ἐπεψήφισε
825 743 883 808 τὸν
906 744 1021 827 νόμον.
1068 741 1124 808 ἀπ’

110 845 239 913 ἐκείνου
262 857 322 913 τοῦ
344 849 469 933 χρόνου
488 849 528 913 τά
546 857 613 913 τῶν
632 848 812 934 δημάρχων
830 845 887 913 καὶ
904 848 1126 934 ἀγορανόμων

109 951 302 1039 ἀρχαιρέσια
329 951 423 1039 μέχρι
452 963 512 1019 τοῦ
535 951 612 1018 καθ’
639 953 724 1038 ῆμᾶς
746 956 870 1039 χρόνου
894 955 971 1040 δίχα
994 956 1126 1021 οἰωνῶν

109 1083 144 1125 τε
171 1057 227 1124 καὶ
253 1067 312 1144 τῆς
339 1060 441 1143 άλλης
464 1059 588 1136 ὀττείας
612 1058 739 1143 άπάσης
762 1060 800 1124 αἰ
819 1057 994 1145 φυλετικαὶ
1017 1071 1126 1146 ιγηφο-

111 1176 276 1252 φοροῦσιν
313 1164 490 1248 ἐκκλησίαι.
546 1166 627 1250 αύτη
666 1166 761 1243 λύσις
796 1162 926 1248 ἐγένετο
964 1175 1022 1251 τῆς
1053 1168 1126 1232 τότε

70 1300 98 1340 ιο
111 1274 338 1359 κατασχούσης
360 1281 502 1359 ταραχῆς
524 1273 585 1356 τῆν
607 1275 716 1339 πόλιν.

176 1379 214 1444 L.
256 1376 323 1444 Καὶ
352 1377 420 1464 μετ’
453 1379 494 1444 οὐ
523 1382 610 1445 πολὺ
640 1380 793 1465 στρατιάς
823 1377 930 1445 ἐδόκει
955 1377 1127 1464 Ῥωμαίοις

109 1486 335 1572 καταγράφειν
362 1484 417 1551 καὶ
443 1489 522 1563 τοὺς
548 1485 695 1563 ὑπάτους
720 1482 896 1570 ἐκπέμπειν
919 1483 1127 1571 ἀμφοτέρους

111 1590 168 1657 ἐπί
192 1590 219 1657 τ’
248 1594 416 1668 Αἰκανοὺς
443 1589 499 1656 καὶ
528 1591 770 1669 Οὐολούσκους.
816 1591 975 1676 δυνάμεις
1002 1592 1066 1677 γάρ
1094 1591 1126 1671 ἐξ

112 1696 277 1783 ἑκατέρων
297 1708 364 1763 τῶν
384 1683 496 1762 ἐθνῶν
515 1695 750 1781 ἐξεληλυθέναι
768 1695 969 1780 ἠγγέλλοντο
988 1697 1126 1782 μεγάλαι

67 1829 97 1894 ¹1⁶
112 1802 168 1870 καὶ
185 1803 406 1889 προνομεύειν
424 1806 502 1880 τοὺς
511 1801 680 1887 Ῥωμαίων
695 1804 896 1889 συμμάχους.
920 1821 1126 1889 παρασκευα-

114 1917 260 1976 σθεισῶν
293 1906 331 1974 δὲ
362 1919 429 1974 τῶν
462 1909 638 1994 δυνάμεων
671 1913 735 1975 σὺν
762 1910 853 1994 τάχει
881 1911 1039 1988 Κοίντιος
1066 1906 1125 1995 μὲν

113 2019 273 2093 Αἰκανοῖς
300 2016 497 2100 πολεμήσων
526 2014 645 2103 ᾤχετο,
664 2013 803 2093 ’Ἇππιος
826 2012 864 2080 δέ
889 2015 1177 2101 ούολούσκοις,1878

112 2124 223 2210 κλῆρω
248 2124 461 2207 διαλαχόντες
483 2123 541 2199 τάς
559 2121 668 2209 ἀρχάς.
706 2120 830 2205 συνέβη
851 2118 888 2186 δέ
906 2132 974 2187 τῶν
993 2123 1126 2188 ὑπάτων

77 2227 255 2318 2ἕκατέρφ
287 2229 327 2294 τὰ
357 2230 467 2295 εἰκότα
493 2229 645 2314 πάσχειν·
681 2227 702 2310 ῆ
730 2224 791 2312 μέν
819 2229 882 2314 γάρ
909 2237 955 2315 τῷ
985 2232 1114 2318 Κοιντί,

75 2360 101 2400 ιο
115 2341 383 2421 προσνεμηθεῖσα
412 2336 547 2421 στρατιδι
573 2335 635 2418 τῆν
662 2333 840 2400 ἐπιείκειάν
865 2357 900 2399 τε
923 2332 978 2399 καὶ
1001 2338 1127 2422 μετριό-

114 2466 193 2527 τητα
215 2450 276 2507 τοῦ
300 2441 422 2525 ἀνδρὸς
444 2439 650 2525 ἀσπαζομένη
673 2444 849 2527 πρόθυμος
870 2436 913 2524 ῆν
934 2441 982 2518 εἰς
1001 2443 1126 2508 ἅπαντα

114 2551 153 2615 τά
183 2548 432 2633 ἐπιταττόμενα,
458 2545 513 2612 καλ
540 2548 580 2612 τά
607 2552 743 2613 πλείστα
771 2545 1027 2626 αὐτοκέλευστος
1054 2549 1125 2636 ὑφί-

115 2673 214 2722 στατο
232 2653 477 2738 κινδυνεύματα
497 2652 598 2731 δόξαν
617 2662 662 2742 τῷ
681 2653 819 2738 ἡγεμόνι
837 2651 893 2719 καὶ
910 2656 1011 2739 τιμῆν
1029 2656 1125 2742 πράτ-

115 2778 232 2827 τουσα·
250 2759 305 2826 καλ
325 2759 479 2844 διεξῆλθε
497 2760 625 2843 πολλὴν
644 2768 702 2844 τῆς
715 2761 873 2825 Αἰκανῶν
890 2760 1000 2845 χώρας
1014 2765 1126 2845 λεηλα-

74 2892 101 2934 25
115 2877 218 2934 τοῦσα
242 2867 283 2933 οὐ
305 2867 504 2952 τολμῶντων
526 2867 574 2942 εἰς
596 2876 708 2951 χεῖρας
730 2863 844 2931 ἐλθεῖν
864 2877 932 2932 τῶν
949 2871 1127 2952 πολεμίων,

115 2973 148 3054 ἐξ
177 2970 216 3059 ῆς
243 2974 376 3058 λάφυρα
402 2973 509 3038 πολλά
537 2971 592 3038 καλ
616 2973 775 3057 ὠφελείας
797 2973 940 3056 μεγάλας
963 2971 1127 3058 ἐκτῆσατο.

187 3136 203 3185 8
230 3129 420 3203 φνλετκκαλ>
440 3129 487 3183 Bb
561 3135 594 3184 10
617 3137 740 3199 ταραχῆς
762 3129 810 3183 Bb
833 3147 868 3184 ex
891 3147 960 3184 corr.
980 3137 1030 3199 τῆς
1048 3131 1128 3201 τύχης

114 3219 171 3256 non
189 3203 296 3273 legitur
314 3201 344 3255 in
362 3201 410 3254 Ba
427 3203 459 3254 ub
478 3200 627 3255 annotavit
644 3199 789 3270 Kiessling
862 3207 894 3255 11
921 3204 1069 3271 στρατείας
1085 3201 1128 3255 Ba

117 3280 149 3328 13
168 3274 221 3344 γάρ
241 3290 294 3327 om.
314 3273 360 3326 Ba
386 3276 389 3341 Ι
415 3269 468 3340 ἀφ’
490 3267 629 3342 ἑκατέρων
648 3270 699 3326 ΑΟ
773 3278 806 3326 14
829 3279 885 3326 τῶν
904 3287 958 3327 om.
978 3274 1025 3326 Ba,
1097 3278 1127 3327 1⁷

115 3342 302 3418 Αἰκαν<οῐ>ς
324 3343 371 3397 Bb
454 3350 487 3399 21
513 3342 552 3406 εἰς
574 3343 709 3397 πάνταΒ
789 3347 823 3397 22
846 3343 1070 3408 αύτοκελεύστως
1086 3343 1129 3398 Ba

116 3421 150 3469 23
169 3414 373 3488 πράττονσ<α>
390 3414 438 3469 Bb

61 3532 139 3630 ἱ
