<?xml version="1.0" encoding="UTF-8"?>
<!DOCTYPE html PUBLIC "-//W3C//DTD XHTML 1.0 Transitional//EN"
    "http://www.w3.org/TR/xhtml1/DTD/xhtml1-transitional.dtd">
<html xmlns="http://www.w3.org/1999/xhtml" xml:lang="en" lang="en">
 <head>
  <title>
</title>
<meta http-equiv="Content-Type" content="text/html;charset=utf-8" />
  <meta name='ocr-system' content='tesseract 3.04.00' />
  <meta name='ocr-capabilities' content='ocr_page ocr_carea ocr_par ocr_line ocrx_word'/>
</head>
<body>
  <div class='ocr_page' id='page_1' title='image "./dionysihalicarn04diongoog_0210.png"; bbox 0 0 2424 3848; ppageno 0'>
   <div class='ocr_carea' id='block_1_1' title="bbox 510 180 1101 245">
    <p class='ocr_par' dir='ltr' id='par_1_1' title="bbox 510 180 1101 245">
     <span class='ocr_line' id='line_1_1' title="bbox 510 180 1101 245; baseline -0.005 3"><span class='ocrx_word' id='word_1_1' title='bbox 510 184 676 233; x_wconf 81' lang='lat' dir='ltr'><em>-H-</em></span> <span class='ocrx_word' id='word_1_2' title='bbox 1035 180 1101 245; x_wconf 84' lang='lat'><em>195</em></span> 
     </span>
    </p>
   </div>
   <div class='ocr_carea' id='block_1_2' title="bbox 10 335 1140 3187">
    <p class='ocr_par' dir='ltr' id='par_1_2' title="bbox 79 335 1140 1063">
     <span class='ocr_line' id='line_1_2' title="bbox 82 335 1101 427; baseline -0.001 -19"><span class='ocrx_word' id='word_1_3' title='bbox 82 342 128 426; x_wconf 74' lang='grc' dir='ltr'><em>ἣν</em></span> <span class='ocrx_word' id='word_1_4' title='bbox 156 340 220 425; x_wconf 75' lang='grc' dir='ltr'><em>ἐγὼ</em></span> <span class='ocrx_word' id='word_1_5' title='bbox 249 338 355 425; x_wconf 80' lang='grc' dir='ltr'><em>νέμω,</em></span> <span class='ocrx_word' id='word_1_6' title='bbox 381 338 436 405; x_wconf 80' lang='grc' dir='ltr'><em>καὶ</em></span> <span class='ocrx_word' id='word_1_7' title='bbox 465 335 574 423; x_wconf 83' lang='grc' dir='ltr'><em>οἷκον,</em></span> <span class='ocrx_word' id='word_1_8' title='bbox 598 340 638 406; x_wconf 85' lang='grc' dir='ltr'><em>δν</em></span> <span class='ocrx_word' id='word_1_9' title='bbox 660 340 724 425; x_wconf 78' lang='grc' dir='ltr'><em>ἐγὼ</em></span> <span class='ocrx_word' id='word_1_10' title='bbox 748 342 920 427; x_wconf 79' lang='grc' dir='ltr'><em>κέκτημαι,</em></span> <span class='ocrx_word' id='word_1_11' title='bbox 947 343 1044 427; x_wconf 85' lang='grc' dir='ltr'><em>τιμάς</em></span> <span class='ocrx_word' id='word_1_12' title='bbox 1066 366 1101 408; x_wconf 87' lang='grc' dir='ltr'><em>τε</em></span> 
     </span>
     <span class='ocr_line' id='line_1_3' title="bbox 83 444 1102 534; baseline 0 -20"><span class='ocrx_word' id='word_1_13' title='bbox 83 454 297 534; x_wconf 75' lang='grc' dir='ltr'><strong><em>καρποῦσθαι</em></strong></span> <span class='ocrx_word' id='word_1_14' title='bbox 319 448 377 524; x_wconf 86' lang='grc' dir='ltr'><em>τάς</em></span> <span class='ocrx_word' id='word_1_15' title='bbox 400 446 494 532; x_wconf 89' lang='grc' dir='ltr'><em>ε’μάς,</em></span> <span class='ocrx_word' id='word_1_16' title='bbox 521 444 576 512; x_wconf 84' lang='grc' dir='ltr'><em>καὶ</em></span> <span class='ocrx_word' id='word_1_17' title='bbox 605 446 703 532; x_wconf 85' lang='grc' dir='ltr'><em>δόξης</em></span> <span class='ocrx_word' id='word_1_18' title='bbox 726 448 907 514; x_wconf 78' lang='grc' dir='ltr'><em>ἀπολαύειν</em></span> <span class='ocrx_word' id='word_1_19' title='bbox 931 457 989 532; x_wconf 82' lang='grc' dir='ltr'><em>τῆς</em></span> <span class='ocrx_word' id='word_1_20' title='bbox 1011 447 1102 534; x_wconf 77' lang='grc' dir='ltr'><em>ἐμῆς,</em></span> 
     </span>
     <span class='ocr_line' id='line_1_4' title="bbox 82 550 1102 638; baseline -0.002 -17"><span class='ocrx_word' id='word_1_21' title='bbox 82 557 161 632; x_wconf 83' lang='grc' dir='ltr'><em>τοὺς</em></span> <span class='ocrx_word' id='word_1_22' title='bbox 184 554 306 630; x_wconf 86' lang='grc' dir='ltr'><em>αὐτοὺς</em></span> <span class='ocrx_word' id='word_1_23' title='bbox 328 550 517 637; x_wconf 76' lang='grc' dir='ltr'><em>ἡγουμένην</em></span> <span class='ocrx_word' id='word_1_24' title='bbox 540 556 660 638; x_wconf 87' lang='grc' dir='ltr'><em>φίλους</em></span> <span class='ocrx_word' id='word_1_25' title='bbox 685 576 719 617; x_wconf 90' lang='grc' dir='ltr'><em>τε</em></span> <span class='ocrx_word' id='word_1_26' title='bbox 743 550 798 618; x_wconf 79' lang='grc' dir='ltr'><em>καὶ</em></span> <span class='ocrx_word' id='word_1_27' title='bbox 821 557 1000 638; x_wconf 89' lang='grc' dir='ltr'><em>πολεμίους</em></span> <span class='ocrx_word' id='word_1_28' title='bbox 1023 553 1102 619; x_wconf 81' lang='grc' dir='ltr'><em>οὕσ-</em></span> 
     </span>
     <span class='ocr_line' id='line_1_5' title="bbox 80 655 1101 747; baseline -0.002 -21"><span class='ocrx_word' id='word_1_29' title='bbox 80 682 143 747; x_wconf 89' lang='grc' dir='ltr'><em>περ</em></span> <span class='ocrx_word' id='word_1_30' title='bbox 174 659 252 744; x_wconf 79' lang='grc' dir='ltr'><em>ἐγώ·</em></span> <span class='ocrx_word' id='word_1_31' title='bbox 288 657 478 725; x_wconf 80' lang='grc' dir='ltr'><em>ἀποθέσθαι</em></span> <span class='ocrx_word' id='word_1_32' title='bbox 508 655 537 723; x_wconf 89' lang='grc' dir='ltr'><em>τ’</em></span> <span class='ocrx_word' id='word_1_33' title='bbox 571 660 635 743; x_wconf 71' lang='grc' dir='ltr'><em>ἤδη</em></span> <span class='ocrx_word' id='word_1_34' title='bbox 671 661 709 724; x_wconf 85' lang='grc' dir='ltr'><em>τὸ</em></span> <span class='ocrx_word' id='word_1_35' title='bbox 737 658 879 745; x_wconf 78' lang='grc' dir='ltr'><em>πένθος,</em></span> <span class='ocrx_word' id='word_1_36' title='bbox 913 660 931 725; x_wconf 84' lang='grc' dir='ltr'><em>δ</em></span> <span class='ocrx_word' id='word_1_37' title='bbox 961 661 1017 724; x_wconf 87' lang='grc' dir='ltr'><em>διά</em></span> <span class='ocrx_word' id='word_1_38' title='bbox 1044 661 1101 737; x_wconf 88' lang='grc' dir='ltr'><em>τάς</em></span> 
     </span>
     <span class='ocr_line' id='line_1_6' title="bbox 82 759 1140 852; baseline -0.003 -19"><span class='ocrx_word' id='word_1_39' title='bbox 82 766 162 852; x_wconf 81' lang='grc' dir='ltr'><em>ἐμὰς</em></span> <span class='ocrx_word' id='word_1_40' title='bbox 185 765 378 851; x_wconf 79' lang='grc' dir='ltr'><em>ὑπέμεινας,</em></span> <span class='ocrx_word' id='word_1_41' title='bbox 401 759 427 829; x_wconf 84' lang='grc' dir='ltr'><em>ὦ</em></span> <span class='ocrx_word' id='word_1_42' title='bbox 450 767 651 850; x_wconf 88' lang='grc' dir='ltr'><em>ταλαίπωρε,</em></span> <span class='ocrx_word' id='word_1_43' title='bbox 673 765 796 851; x_wconf 80' lang='grc' dir='ltr'><em>φυγάς,</em></span> <span class='ocrx_word' id='word_1_44' title='bbox 826 763 882 830; x_wconf 81' lang='grc' dir='ltr'><em>καὶ</em></span> <span class='ocrx_word' id='word_1_45' title='bbox 904 767 1099 832; x_wconf 88' lang='grc' dir='ltr'><em>παύσασθαι</em></span> <span class='ocrx_word' id='word_1_46' title='bbox 1127 789 1140 830; x_wconf 81' lang='grc' dir='ltr'><em>ε</em></span> 
     </span>
     <span class='ocr_line' id='line_1_7' title="bbox 79 868 1134 960; baseline 0.001 -23"><span class='ocrx_word' id='word_1_47' title='bbox 79 869 335 960; x_wconf 75' lang='grc' dir='ltr'><em>τιμωρουμένην</em></span> <span class='ocrx_word' id='word_1_48' title='bbox 353 895 393 955; x_wconf 89' lang='grc' dir='ltr'><em>με</em></span> <span class='ocrx_word' id='word_1_49' title='bbox 416 880 462 959; x_wconf 77' lang='grc' dir='ltr'><em>τῷ</em></span> <span class='ocrx_word' id='word_1_50' title='bbox 482 872 622 955; x_wconf 79' lang='grc' dir='ltr'><em>σχήματι</em></span> <span class='ocrx_word' id='word_1_51' title='bbox 639 872 754 959; x_wconf 80' lang='grc' dir='ltr'><em>τούτω.</em></span> <span class='ocrx_word' id='word_1_52' title='bbox 801 868 875 956; x_wconf 76' lang='grc' dir='ltr'><em>ἐμοὶ</em></span> <span class='ocrx_word' id='word_1_53' title='bbox 897 874 960 957; x_wconf 86' lang='grc' dir='ltr'><em>γὰρ</em></span> <span class='ocrx_word' id='word_1_54' title='bbox 978 873 1018 937; x_wconf 84' lang='grc' dir='ltr'><em>τά</em></span> <span class='ocrx_word' id='word_1_55' title='bbox 1037 869 1134 957; x_wconf 76' lang='grc' dir='ltr'><em>μὲνὸ</em></span> 
     </span>
     <span class='ocr_line' id='line_1_8' title="bbox 80 974 1099 1063; baseline -0.002 -19"><span class='ocrx_word' id='word_1_56' title='bbox 80 979 178 1063; x_wconf 84' lang='grc' dir='ltr'><em>ἀλλα,</em></span> <span class='ocrx_word' id='word_1_57' title='bbox 200 974 228 1044; x_wconf 81' lang='grc' dir='ltr'>ὦ</span> <span class='ocrx_word' id='word_1_58' title='bbox 251 987 363 1063; x_wconf 76' lang='grc' dir='ltr'><em>μῆτερ,</em></span> <span class='ocrx_word' id='word_1_59' title='bbox 391 975 503 1060; x_wconf 83' lang='grc' dir='ltr'><em>ἀγαθά</em></span> <span class='ocrx_word' id='word_1_60' title='bbox 525 980 696 1060; x_wconf 92' lang='grc' dir='ltr'><em>κρείττονα</em></span> <span class='ocrx_word' id='word_1_61' title='bbox 719 976 864 1043; x_wconf 78' lang='grc' dir='ltr'><em>ἐλπίδων</em></span> <span class='ocrx_word' id='word_1_62' title='bbox 887 975 942 1042; x_wconf 84' lang='grc' dir='ltr'><em>καὶ</em></span> <span class='ocrx_word' id='word_1_63' title='bbox 965 981 1099 1061; x_wconf 85' lang='grc' dir='ltr'><em>μείζονα</em></span> 
     </span>
    </p>

    <p class='ocr_par' dir='ltr' id='par_1_3' title="bbox 10 1078 1139 1805">
     <span class='ocr_line' id='line_1_9' title="bbox 10 1078 1099 1170; baseline -0.005 -18"><span class='ocrx_word' id='word_1_64' title='bbox 10 1085 180 1170; x_wconf 77' lang='grc' dir='ltr'><em>ισ16εύχῆς</em></span> <span class='ocrx_word' id='word_1_65' title='bbox 206 1083 295 1170; x_wconf 84' lang='grc' dir='ltr'><em>παρὰ</em></span> <span class='ocrx_word' id='word_1_66' title='bbox 322 1089 414 1148; x_wconf 91' lang='grc' dir='ltr'><em>θεῶν</em></span> <span class='ocrx_word' id='word_1_67' title='bbox 442 1106 475 1148; x_wconf 89' lang='grc' dir='ltr'><em>τε</em></span> <span class='ocrx_word' id='word_1_68' title='bbox 499 1081 554 1148; x_wconf 81' lang='grc' dir='ltr'><em>καὶ</em></span> <span class='ocrx_word' id='word_1_69' title='bbox 577 1082 769 1169; x_wconf 83' lang='grc' dir='ltr'><em>ἀνθρώπων</em></span> <span class='ocrx_word' id='word_1_70' title='bbox 792 1082 989 1167; x_wconf 78' lang='grc' dir='ltr'><em>ἀπήντηται,</em></span> <span class='ocrx_word' id='word_1_71' title='bbox 1015 1082 1036 1166; x_wconf 81' lang='grc' dir='ltr'><em>ἡ</em></span> <span class='ocrx_word' id='word_1_72' title='bbox 1061 1078 1099 1147; x_wconf 72' lang='grc' dir='ltr'><em>δὲ</em></span> 
     </span>
     <span class='ocr_line' id='line_1_10' title="bbox 79 1183 1098 1276; baseline -0.002 -20"><span class='ocrx_word' id='word_1_73' title='bbox 79 1188 156 1276; x_wconf 84' lang='grc' dir='ltr'><em>περὶ</em></span> <span class='ocrx_word' id='word_1_74' title='bbox 184 1198 247 1255; x_wconf 84' lang='grc' dir='ltr'><em>σοῦ</em></span> <span class='ocrx_word' id='word_1_75' title='bbox 274 1192 426 1276; x_wconf 85' lang='grc' dir='ltr'><em>φροντίς,</em></span> <span class='ocrx_word' id='word_1_76' title='bbox 459 1183 481 1276; x_wconf 76' lang='grc' dir='ltr'><strong><em>ᾗ</em></strong></span> <span class='ocrx_word' id='word_1_77' title='bbox 511 1191 568 1266; x_wconf 87' lang='grc' dir='ltr'><em>τάς</em></span> <span class='ocrx_word' id='word_1_78' title='bbox 594 1193 823 1276; x_wconf 75' lang='grc' dir='ltr'><em>γηροβοσκοὺς</em></span> <span class='ocrx_word' id='word_1_79' title='bbox 852 1189 915 1254; x_wconf 81' lang='grc' dir='ltr'><em>οὐκ</em></span> <span class='ocrx_word' id='word_1_80' title='bbox 944 1186 1098 1254; x_wconf 75' lang='grc' dir='ltr'><em>ἀπέδωκα</em></span> 
     </span>
     <span class='ocr_line' id='line_1_11' title="bbox 79 1292 1139 1382; baseline -0.005 -20"><span class='ocrx_word' id='word_1_81' title='bbox 79 1297 226 1382; x_wconf 87' lang='grc' dir='ltr'><em>χάριτας,</em></span> <span class='ocrx_word' id='word_1_82' title='bbox 249 1294 438 1380; x_wconf 79' lang='grc' dir='ltr'><em>ἐντετηκυῖα</em></span> <span class='ocrx_word' id='word_1_83' title='bbox 461 1306 530 1373; x_wconf 80' lang='grc' dir='ltr'><em>τοίς</em></span> <span class='ocrx_word' id='word_1_84' title='bbox 553 1297 753 1382; x_wconf 77' lang='grc' dir='ltr'><em>σπλάγχνοις</em></span> <span class='ocrx_word' id='word_1_85' title='bbox 776 1298 895 1380; x_wconf 89' lang='grc' dir='ltr'><em>πικρὸν</em></span> <span class='ocrx_word' id='word_1_86' title='bbox 919 1294 1022 1361; x_wconf 82' lang='grc' dir='ltr'><em>ἐποίει</em></span> <span class='ocrx_word' id='word_1_87' title='bbox 1042 1292 1098 1359; x_wconf 80' lang='grc' dir='ltr'><em>καὶ</em></span> <span class='ocrx_word' id='word_1_88' title='bbox 1113 1317 1139 1357; x_wconf 82' lang='grc' dir='ltr'><em>ιο</em></span> 
     </span>
     <span class='ocr_line' id='line_1_12' title="bbox 80 1397 1096 1487; baseline -0.002 -19"><span class='ocrx_word' id='word_1_89' title='bbox 80 1401 245 1487; x_wconf 91' lang='grc' dir='ltr'><em>ἀνόνητον</em></span> <span class='ocrx_word' id='word_1_90' title='bbox 268 1401 424 1468; x_wconf 81' lang='grc' dir='ltr'><em>ἁπάντων</em></span> <span class='ocrx_word' id='word_1_91' title='bbox 451 1412 518 1468; x_wconf 89' lang='grc' dir='ltr'><em>τῶν</em></span> <span class='ocrx_word' id='word_1_92' title='bbox 540 1400 679 1486; x_wconf 90' lang='grc' dir='ltr'><em>ἀγαθῶν</em></span> <span class='ocrx_word' id='word_1_93' title='bbox 701 1404 760 1468; x_wconf 86' lang='grc' dir='ltr'><em>τὸν</em></span> <span class='ocrx_word' id='word_1_94' title='bbox 784 1404 869 1486; x_wconf 94' lang='grc' dir='ltr'><em>βίον.</em></span> <span class='ocrx_word' id='word_1_95' title='bbox 916 1402 946 1466; x_wconf 88' lang='grc' dir='ltr'><em>εί</em></span> <span class='ocrx_word' id='word_1_96' title='bbox 972 1397 1009 1465; x_wconf 69' lang='grc' dir='ltr'><em>σε</em></span> <span class='ocrx_word' id='word_1_97' title='bbox 1033 1403 1096 1466; x_wconf 88' lang='grc' dir='ltr'><em>σὺν</em></span> 
     </span>
     <span class='ocr_line' id='line_1_13' title="bbox 81 1505 1096 1593; baseline -0.001 -20"><span class='ocrx_word' id='word_1_98' title='bbox 81 1506 154 1593; x_wconf 78' lang='grc' dir='ltr'><em>ἐμοὶ</em></span> <span class='ocrx_word' id='word_1_99' title='bbox 182 1507 288 1587; x_wconf 79' lang='grc' dir='ltr'><em>τάξεις</em></span> <span class='ocrx_word' id='word_1_100' title='bbox 315 1510 457 1592; x_wconf 79' lang='grc' dir='ltr'><em>σεαυτὴν</em></span> <span class='ocrx_word' id='word_1_101' title='bbox 483 1506 539 1573; x_wconf 83' lang='grc' dir='ltr'><em>καὶ</em></span> <span class='ocrx_word' id='word_1_102' title='bbox 565 1518 634 1573; x_wconf 91' lang='grc' dir='ltr'><em>τῶν</em></span> <span class='ocrx_word' id='word_1_103' title='bbox 661 1508 750 1592; x_wconf 82' lang='grc' dir='ltr'><em>ἐμῶν</em></span> <span class='ocrx_word' id='word_1_104' title='bbox 776 1518 952 1574; x_wconf 81' lang='grc' dir='ltr'><em>κοινωνεῖν</em></span> <span class='ocrx_word' id='word_1_105' title='bbox 980 1505 1096 1591; x_wconf 79' lang='grc' dir='ltr'><em>ἐθελη-</em></span> 
     </span>
     <span class='ocr_line' id='line_1_14' title="bbox 81 1612 1095 1700; baseline -0.002 -20"><span class='ocrx_word' id='word_1_106' title='bbox 81 1631 148 1693; x_wconf 87' lang='grc' dir='ltr'><em>σεις</em></span> <span class='ocrx_word' id='word_1_107' title='bbox 169 1613 335 1700; x_wconf 84' lang='grc' dir='ltr'><em>ἀπάντων,</em></span> <span class='ocrx_word' id='word_1_108' title='bbox 354 1615 497 1691; x_wconf 86' lang='grc' dir='ltr'><em>οὐθενὸς</em></span> <span class='ocrx_word' id='word_1_109' title='bbox 516 1617 563 1679; x_wconf 80' lang='grc' dir='ltr'><em>ἔτι</em></span> <span class='ocrx_word' id='word_1_110' title='bbox 582 1638 638 1699; x_wconf 95' lang='grc' dir='ltr'><em>μοι</em></span> <span class='ocrx_word' id='word_1_111' title='bbox 657 1616 768 1699; x_wconf 77' lang='grc' dir='ltr'><em>δεήσει</em></span> <span class='ocrx_word' id='word_1_112' title='bbox 786 1625 853 1680; x_wconf 89' lang='grc' dir='ltr'><em>τῶν</em></span> <span class='ocrx_word' id='word_1_113' title='bbox 869 1612 1095 1699; x_wconf 75' lang='grc' dir='ltr'><em>ἀνθρωπίνων</em></span> 
     </span>
     <span class='ocr_line' id='line_1_15' title="bbox 79 1720 228 1805; baseline 0.013 -20"><span class='ocrx_word' id='word_1_114' title='bbox 79 1720 228 1805; x_wconf 89' lang='grc' dir='ltr'><em>ἀγαθῶν.</em></span> 
     </span>
    </p>

    <p class='ocr_par' dir='ltr' id='par_1_4' title="bbox 78 1824 1135 2974">
     <span class='ocr_line' id='line_1_16' title="bbox 144 1824 1134 1911; baseline -0.006 -18"><span class='ocrx_word' id='word_1_115' title='bbox 144 1826 361 1893; x_wconf 82' lang='lat' dir='ltr'>XXXXVIII.</span> <span class='ocrx_word' id='word_1_116' title='bbox 397 1824 621 1911; x_wconf 83' lang='grc' dir='ltr'><em>Παυσαμένου</em></span> <span class='ocrx_word' id='word_1_117' title='bbox 645 1824 674 1891; x_wconf 90' lang='grc' dir='ltr'><em>δ’</em></span> <span class='ocrx_word' id='word_1_118' title='bbox 698 1826 801 1892; x_wconf 87' lang='grc' dir='ltr'><em>αὐτοῦ</em></span> <span class='ocrx_word' id='word_1_119' title='bbox 824 1827 942 1911; x_wconf 86' lang='grc' dir='ltr'><em>μικρὸν</em></span> <span class='ocrx_word' id='word_1_120' title='bbox 964 1825 985 1909; x_wconf 80' lang='grc' dir='ltr'><em>η</em></span> <span class='ocrx_word' id='word_1_121' title='bbox 1006 1825 1090 1890; x_wconf 88' lang='grc' dir='ltr'><em>Ούε-</em></span> <span class='ocrx_word' id='word_1_122' title='bbox 1108 1846 1134 1886; x_wconf 79' lang='grc' dir='ltr'><em>ιε</em></span> 
     </span>
     <span class='ocr_line' id='line_1_17' title="bbox 78 1931 1094 2019; baseline -0.003 -20"><span class='ocrx_word' id='word_1_123' title='bbox 78 1936 194 2019; x_wconf 89' lang='grc' dir='ltr'><em>τουρία</em></span> <span class='ocrx_word' id='word_1_124' title='bbox 223 1932 402 2019; x_wconf 82' lang='grc' dir='ltr'><em>ἐπισχοῦσα</em></span> <span class='ocrx_word' id='word_1_125' title='bbox 429 1936 568 2019; x_wconf 86' lang='grc' dir='ltr'><em>χρόνον,</em></span> <span class='ocrx_word' id='word_1_126' title='bbox 600 1931 661 2008; x_wconf 78' lang='grc' dir='ltr'><em>ἕως</em></span> <span class='ocrx_word' id='word_1_127' title='bbox 688 1932 706 1997; x_wconf 88' lang='grc' dir='ltr'><em>δ</em></span> <span class='ocrx_word' id='word_1_128' title='bbox 734 1942 801 1997; x_wconf 91' lang='grc' dir='ltr'><em>τῶν</em></span> <span class='ocrx_word' id='word_1_129' title='bbox 830 1934 1094 2016; x_wconf 81' lang='grc' dir='ltr'><em>περιεστηκότων</em></span> 
     </span>
     <span class='ocr_line' id='line_1_18' title="bbox 80 2034 1096 2123; baseline -0.004 -17"><span class='ocrx_word' id='word_1_130' title='bbox 80 2043 214 2117; x_wconf 85' lang='grc' dir='ltr'><em>ἔπαινος</em></span> <span class='ocrx_word' id='word_1_131' title='bbox 246 2038 409 2105; x_wconf 81' lang='grc' dir='ltr'><em>ἐπαύσατο</em></span> <span class='ocrx_word' id='word_1_132' title='bbox 443 2039 548 2115; x_wconf 91' lang='grc' dir='ltr'><em>πολύς</em></span> <span class='ocrx_word' id='word_1_133' title='bbox 578 2060 613 2103; x_wconf 88' lang='grc' dir='ltr'><em>τε</em></span> <span class='ocrx_word' id='word_1_134' title='bbox 640 2035 694 2103; x_wconf 82' lang='grc' dir='ltr'><em>καὶ</em></span> <span class='ocrx_word' id='word_1_135' title='bbox 723 2034 820 2123; x_wconf 79' lang='grc' dir='ltr'><em>μέχρι</em></span> <span class='ocrx_word' id='word_1_136' title='bbox 847 2039 974 2102; x_wconf 85' lang='grc' dir='ltr'><em>πολλοῦ</em></span> <span class='ocrx_word' id='word_1_137' title='bbox 1002 2041 1096 2119; x_wconf 90' lang='grc' dir='ltr'><em>γενό-</em></span> 
     </span>
     <span class='ocr_line' id='line_1_19' title="bbox 80 2136 1095 2230; baseline -0.004 -19"><span class='ocrx_word' id='word_1_138' title='bbox 80 2168 194 2230; x_wconf 86' lang='grc' dir='ltr'><em>μενος,</em></span> <span class='ocrx_word' id='word_1_139' title='bbox 222 2143 311 2228; x_wconf 79' lang='grc' dir='ltr'><em>λέγει</em></span> <span class='ocrx_word' id='word_1_140' title='bbox 333 2146 415 2230; x_wconf 88' lang='grc' dir='ltr'><em>πρὸς</em></span> <span class='ocrx_word' id='word_1_141' title='bbox 443 2143 558 2209; x_wconf 86' lang='grc' dir='ltr'><em>αὐτόν·</em></span> <span class='ocrx_word' id='word_1_142' title='bbox 586 2140 673 2208; x_wconf 80' lang='grc' dir='ltr'><em>Ἀλλ’</em></span> <span class='ocrx_word' id='word_1_143' title='bbox 700 2141 807 2226; x_wconf 80' lang='grc' dir='ltr'><em>ἔγωγέ</em></span> <span class='ocrx_word' id='word_1_144' title='bbox 830 2159 884 2226; x_wconf 90' lang='grc' dir='ltr'><em>σε,</em></span> <span class='ocrx_word' id='word_1_145' title='bbox 912 2136 937 2205; x_wconf 83' lang='grc' dir='ltr'><em>ὦ</em></span> <span class='ocrx_word' id='word_1_146' title='bbox 961 2143 1095 2228; x_wconf 89' lang='grc' dir='ltr'><em>Μάρκιε</em></span> 
     </span>
     <span class='ocr_line' id='line_1_20' title="bbox 80 2245 1099 2335; baseline -0.001 -20"><span class='ocrx_word' id='word_1_147' title='bbox 80 2249 210 2335; x_wconf 83' lang='grc' dir='ltr'><em>τέκνον,</em></span> <span class='ocrx_word' id='word_1_148' title='bbox 233 2251 309 2316; x_wconf 81' lang='grc' dir='ltr'><em>ούτε</em></span> <span class='ocrx_word' id='word_1_149' title='bbox 331 2251 498 2335; x_wconf 90' lang='grc' dir='ltr'><em>προδότην</em></span> <span class='ocrx_word' id='word_1_150' title='bbox 518 2249 741 2315; x_wconf 82' lang='grc' dir='ltr'><em>Οὐολούσκων</em></span> <span class='ocrx_word' id='word_1_151' title='bbox 766 2245 925 2332; x_wconf 82' lang='grc' dir='ltr'><em>γενέσθαι</em></span> <span class='ocrx_word' id='word_1_152' title='bbox 947 2245 1038 2332; x_wconf 83' lang='grc' dir='ltr'><em>ἀξιῶ,</em></span> <span class='ocrx_word' id='word_1_153' title='bbox 1063 2249 1099 2314; x_wconf 83' lang='grc' dir='ltr'><em>οἵ</em></span> 
     </span>
     <span class='ocr_line' id='line_1_21' title="bbox 81 2352 1135 2443; baseline -0.009 -20"><span class='ocrx_word' id='word_1_154' title='bbox 81 2374 117 2423; x_wconf 87' lang='grc' dir='ltr'><em>σε</em></span> <span class='ocrx_word' id='word_1_155' title='bbox 140 2358 308 2443; x_wconf 85' lang='grc' dir='ltr'><em>φεύγοντα</em></span> <span class='ocrx_word' id='word_1_156' title='bbox 330 2354 571 2441; x_wconf 85' lang='grc' dir='ltr'><em>ὑποδεξάμενοι</em></span> <span class='ocrx_word' id='word_1_157' title='bbox 592 2364 661 2431; x_wconf 77' lang='grc' dir='ltr'><em>τοῖς</em></span> <span class='ocrx_word' id='word_1_158' title='bbox 679 2352 707 2419; x_wconf 90' lang='grc' dir='ltr'><em>τ’</em></span> <span class='ocrx_word' id='word_1_159' title='bbox 729 2355 843 2431; x_wconf 85' lang='grc' dir='ltr'><em>ἀλλοις</em></span> <span class='ocrx_word' id='word_1_160' title='bbox 863 2352 1022 2439; x_wconf 77' lang='grc' dir='ltr'><em>ἐτίμησαν</em></span> <span class='ocrx_word' id='word_1_161' title='bbox 1041 2352 1135 2420; x_wconf 79' lang='grc' dir='ltr'><em>καίεο</em></span> 
     </span>
     <span class='ocr_line' id='line_1_22' title="bbox 81 2459 1096 2549; baseline -0.003 -20"><span class='ocrx_word' id='word_1_162' title='bbox 81 2465 142 2549; x_wconf 75' lang='grc' dir='ltr'><em>την</em></span> <span class='ocrx_word' id='word_1_163' title='bbox 163 2461 291 2529; x_wconf 79' lang='grc' dir='ltr'><em>ἑαυτῶν</em></span> <span class='ocrx_word' id='word_1_164' title='bbox 308 2462 489 2547; x_wconf 82' lang='grc' dir='ltr'><em>ἡγεμονίαν</em></span> <span class='ocrx_word' id='word_1_165' title='bbox 508 2460 714 2546; x_wconf 79' lang='grc' dir='ltr'><em>ἐπίστευσαν,</em></span> <span class='ocrx_word' id='word_1_166' title='bbox 738 2461 815 2526; x_wconf 82' lang='grc' dir='ltr'><em>οὔτε</em></span> <span class='ocrx_word' id='word_1_167' title='bbox 833 2459 922 2544; x_wconf 91' lang='grc' dir='ltr'><em>παρά</em></span> <span class='ocrx_word' id='word_1_168' title='bbox 940 2461 998 2536; x_wconf 89' lang='grc' dir='ltr'><em>τάς</em></span> <span class='ocrx_word' id='word_1_169' title='bbox 1017 2461 1096 2545; x_wconf 85' lang='grc' dir='ltr'><em>ὁμο-</em></span> 
     </span>
     <span class='ocr_line' id='line_1_23' title="bbox 81 2565 1096 2654; baseline -0.007 -19"><span class='ocrx_word' id='word_1_170' title='bbox 81 2573 196 2654; x_wconf 91' lang='grc' dir='ltr'><em>λογίας</em></span> <span class='ocrx_word' id='word_1_171' title='bbox 223 2566 279 2635; x_wconf 81' lang='grc' dir='ltr'><em>καὶ</em></span> <span class='ocrx_word' id='word_1_172' title='bbox 305 2571 384 2645; x_wconf 84' lang='grc' dir='ltr'><em>τοὺς</em></span> <span class='ocrx_word' id='word_1_173' title='bbox 410 2569 545 2654; x_wconf 87' lang='grc' dir='ltr'><em>ὅρκους,</em></span> <span class='ocrx_word' id='word_1_174' title='bbox 573 2567 632 2644; x_wconf 82' lang='grc' dir='ltr'><em>οὓς</em></span> <span class='ocrx_word' id='word_1_175' title='bbox 654 2568 781 2644; x_wconf 80' lang='grc' dir='ltr'><em>ἔδωκας</em></span> <span class='ocrx_word' id='word_1_176' title='bbox 804 2567 930 2649; x_wconf 76' lang='grc' dir='ltr'><em>αὐτοῖς,</em></span> <span class='ocrx_word' id='word_1_177' title='bbox 957 2565 1010 2629; x_wconf 85' lang='grc' dir='ltr'><em>ὅτε</em></span> <span class='ocrx_word' id='word_1_178' title='bbox 1038 2566 1096 2640; x_wconf 80' lang='grc' dir='ltr'><em>τὰς</em></span> 
     </span>
     <span class='ocr_line' id='line_1_24' title="bbox 83 2670 1096 2762; baseline -0.009 -20"><span class='ocrx_word' id='word_1_179' title='bbox 83 2677 242 2762; x_wconf 85' lang='grc' dir='ltr'><em>δυνάμεις</em></span> <span class='ocrx_word' id='word_1_180' title='bbox 262 2674 522 2761; x_wconf 77' lang='grc' dir='ltr'><em>παρελάμβανες,</em></span> <span class='ocrx_word' id='word_1_181' title='bbox 546 2675 627 2739; x_wconf 88' lang='grc' dir='ltr'><em>ἀνευ</em></span> <span class='ocrx_word' id='word_1_182' title='bbox 652 2681 766 2756; x_wconf 76' lang='grc' dir='ltr'><em>κοινῆς</em></span> <span class='ocrx_word' id='word_1_183' title='bbox 787 2673 920 2755; x_wconf 81' lang='grc' dir='ltr'><em>γνώμης</em></span> <span class='ocrx_word' id='word_1_184' title='bbox 945 2670 1015 2756; x_wconf 84' lang='grc' dir='ltr'><em>ίδίηι</em></span> <span class='ocrx_word' id='word_1_185' title='bbox 1038 2693 1096 2734; x_wconf 91' lang='grc' dir='ltr'><em>κα-</em></span> 
     </span>
     <span class='ocr_line' id='line_1_25' title="bbox 83 2774 1095 2868; baseline -0.01 -19"><span class='ocrx_word' id='word_1_186' title='bbox 83 2785 295 2850; x_wconf 91' lang='grc' dir='ltr'><em>ταλύσασθαι</em></span> <span class='ocrx_word' id='word_1_187' title='bbox 313 2783 375 2866; x_wconf 79' lang='grc' dir='ltr'><em>τὴν</em></span> <span class='ocrx_word' id='word_1_188' title='bbox 394 2783 520 2868; x_wconf 84' lang='grc' dir='ltr'><em>ἔχθραν</em></span> <span class='ocrx_word' id='word_1_189' title='bbox 539 2781 716 2865; x_wconf 91' lang='grc' dir='ltr'><em>βούλομαι·</em></span> <span class='ocrx_word' id='word_1_190' title='bbox 740 2774 818 2863; x_wconf 82' lang='grc' dir='ltr'><em>μηδ’</em></span> <span class='ocrx_word' id='word_1_191' title='bbox 840 2776 1009 2862; x_wconf 79' lang='grc' dir='ltr'><em>ὑπολάβῃς</em></span> <span class='ocrx_word' id='word_1_192' title='bbox 1034 2776 1095 2858; x_wconf 82' lang='grc' dir='ltr'><em>την</em></span> 
     </span>
     <span class='ocr_line' id='line_1_26' title="bbox 83 2883 1135 2974; baseline -0.01 -19"><span class='ocrx_word' id='word_1_193' title='bbox 83 2897 226 2956; x_wconf 87' lang='grc' dir='ltr'><em>σεαυτοῦ</em></span> <span class='ocrx_word' id='word_1_194' title='bbox 249 2885 372 2974; x_wconf 82' lang='grc' dir='ltr'><em>μητέρα</em></span> <span class='ocrx_word' id='word_1_195' title='bbox 400 2887 560 2971; x_wconf 86' lang='grc' dir='ltr'><em>τοσαύτης</em></span> <span class='ocrx_word' id='word_1_196' title='bbox 586 2885 839 2968; x_wconf 82' lang='grc' dir='ltr'><em>ἀναπεπλῆσθαι</em></span> <span class='ocrx_word' id='word_1_197' title='bbox 865 2883 1095 2966; x_wconf 88' lang='grc' dir='ltr'><em>θεοβλαβείας,</em></span> <span class='ocrx_word' id='word_1_198' title='bbox 1109 2898 1135 2939; x_wconf 81' lang='lat'><em>25</em></span> 
     </span>
    </p>

    <p class='ocr_par' dir='ltr' id='par_1_5' title="bbox 13 2984 1131 3187">
     <span class='ocr_line' id='line_1_27' title="bbox 13 2984 1097 3078; baseline -0.009 -18"><span class='ocrx_word' id='word_1_199' title='bbox 13 2997 168 3063; x_wconf 75' lang='grc' dir='ltr'><em>1617ῶστε</em></span> <span class='ocrx_word' id='word_1_200' title='bbox 195 2997 254 3060; x_wconf 89' lang='grc' dir='ltr'><em>τὸν</em></span> <span class='ocrx_word' id='word_1_201' title='bbox 279 2992 450 3078; x_wconf 82' lang='grc' dir='ltr'><em>Ιἀγαπητὸν</em></span> <span class='ocrx_word' id='word_1_202' title='bbox 477 2990 533 3064; x_wconf 77' lang='grc' dir='ltr'><em>καὶ</em></span> <span class='ocrx_word' id='word_1_203' title='bbox 562 2995 668 3078; x_wconf 91' lang='grc' dir='ltr'><em>μόνον</em></span> <span class='ocrx_word' id='word_1_204' title='bbox 695 2991 771 3057; x_wconf 90' lang='grc' dir='ltr'><em>υίὸν</em></span> <span class='ocrx_word' id='word_1_205' title='bbox 799 2991 846 3066; x_wconf 89' lang='grc' dir='ltr'><em>είς</em></span> <span class='ocrx_word' id='word_1_206' title='bbox 875 2988 1013 3074; x_wconf 83' lang='grc' dir='ltr'><em>αίσχράς</em></span> <span class='ocrx_word' id='word_1_207' title='bbox 1041 2984 1097 3052; x_wconf 81' lang='grc' dir='ltr'><em>καὶ</em></span> 
     </span>
     <span class='ocr_line' id='line_1_28' title="bbox 83 3094 1131 3187; baseline -0.008 -19"><span class='ocrx_word' id='word_1_208' title='bbox 83 3100 241 3178; x_wconf 90' lang='grc' dir='ltr'><em>ἀνοσίους</em></span> <span class='ocrx_word' id='word_1_209' title='bbox 263 3098 395 3187; x_wconf 87' lang='grc' dir='ltr'><em>πράξεις</em></span> <span class='ocrx_word' id='word_1_210' title='bbox 416 3103 628 3186; x_wconf 83' lang='grc' dir='ltr'><em>παρακαλεῖν.</em></span> <span class='ocrx_word' id='word_1_211' title='bbox 674 3096 758 3162; x_wconf 85' lang='grc' dir='ltr'><em>ἀλλά</em></span> <span class='ocrx_word' id='word_1_212' title='bbox 781 3096 862 3181; x_wconf 76' lang='grc' dir='ltr'><em>μετὰ</em></span> <span class='ocrx_word' id='word_1_213' title='bbox 879 3102 993 3179; x_wconf 77' lang='grc' dir='ltr'><em>κοινῆς</em></span> <span class='ocrx_word' id='word_1_214' title='bbox 1010 3094 1131 3178; x_wconf 84' lang='grc' dir='ltr'><em>γνῶ-2</em></span> 
     </span>
    </p>
   </div>
   <div class='ocr_carea' id='block_1_3' title="bbox 83 3260 1096 3501">
    <p class='ocr_par' dir='ltr' id='par_1_6' title="bbox 83 3260 1096 3501">
     <span class='ocr_line' id='line_1_29' title="bbox 156 3260 1096 3362; baseline -0.007 -15"><span class='ocrx_word' id='word_1_215' title='bbox 156 3300 170 3347; x_wconf 93' lang='grc'>1</span> <span class='ocrx_word' id='word_1_216' title='bbox 191 3293 257 3362; x_wconf 80' lang='lat' dir='ltr'><strong>post</strong></span> <span class='ocrx_word' id='word_1_217' title='bbox 275 3288 354 3347; x_wconf 83' lang='grc' dir='ltr'><em>οἷκον</em></span> <span class='ocrx_word' id='word_1_218' title='bbox 373 3289 510 3344; x_wconf 77' lang='lat' dir='ltr'>excidisse</span> <span class='ocrx_word' id='word_1_219' title='bbox 529 3292 685 3359; x_wconf 82' lang='grc' dir='ltr'><em>κεκτῆσθαι</em></span> <span class='ocrx_word' id='word_1_220' title='bbox 703 3260 726 3342; x_wconf 39' lang='grc' dir='ltr'><em>υ,</em></span> <span class='ocrx_word' id='word_1_221' title='bbox 741 3286 845 3341; x_wconf 82' lang='lat' dir='ltr'><strong>Reiske</strong></span> <span class='ocrx_word' id='word_1_222' title='bbox 917 3290 933 3338; x_wconf 82' lang='lat'><strong>3</strong></span> <span class='ocrx_word' id='word_1_223' title='bbox 953 3286 1053 3354; x_wconf 79' lang='grc' dir='ltr'><em>φίλους</em></span> <span class='ocrx_word' id='word_1_224' title='bbox 1066 3305 1096 3359; x_wconf 78' lang='grc' dir='ltr'><em>τε</em></span> 
     </span>
     <span class='ocr_line' id='line_1_30' title="bbox 83 3358 1095 3432; baseline -0.007 -13"><span class='ocrx_word' id='word_1_225' title='bbox 83 3365 132 3420; x_wconf 84' lang='grc' dir='ltr'><em>καλ</em></span> <span class='ocrx_word' id='word_1_226' title='bbox 152 3368 295 3432; x_wconf 84' lang='grc' dir='ltr'><em>συγγενεῖς</em></span> <span class='ocrx_word' id='word_1_227' title='bbox 312 3362 362 3416; x_wconf 82' lang='grc' dir='ltr'><em>καλ</em></span> <span class='ocrx_word' id='word_1_228' title='bbox 381 3361 403 3416; x_wconf 95' lang='lat' dir='ltr'>O</span> <span class='ocrx_word' id='word_1_229' title='bbox 421 3362 535 3430; x_wconf 76' lang='lat' dir='ltr'><strong>praeter</strong></span> <span class='ocrx_word' id='word_1_230' title='bbox 553 3361 575 3413; x_wconf 92' lang='lat' dir='ltr'>B</span> <span class='ocrx_word' id='word_1_231' title='bbox 648 3367 663 3416; x_wconf 86' lang='grc'><strong>6</strong></span> <span class='ocrx_word' id='word_1_232' title='bbox 683 3364 720 3432; x_wconf 80' lang='grc' dir='ltr'><em>τῷ</em></span> <span class='ocrx_word' id='word_1_233' title='bbox 739 3359 804 3414; x_wconf 79' lang='lat' dir='ltr'><strong>add.</strong></span> <span class='ocrx_word' id='word_1_234' title='bbox 823 3358 846 3410; x_wconf 92' lang='lat' dir='ltr'><strong>B</strong></span> <span class='ocrx_word' id='word_1_235' title='bbox 925 3362 957 3410; x_wconf 90' lang='lat'><em>10</em></span> <span class='ocrx_word' id='word_1_236' title='bbox 976 3362 1057 3411; x_wconf 87' lang='grc' dir='ltr'><em>ποιεῖ</em></span> <span class='ocrx_word' id='word_1_237' title='bbox 1071 3374 1095 3412; x_wconf 88' lang='grc' dir='ltr'><em>ο.</em></span> 
     </span>
     <span class='ocr_line' id='line_1_31' title="bbox 83 3424 1016 3501; baseline -0.011 -11"><span class='ocrx_word' id='word_1_238' title='bbox 83 3434 218 3492; x_wconf 79' lang='lat' dir='ltr'>Gelenius</span> <span class='ocrx_word' id='word_1_239' title='bbox 291 3440 325 3487; x_wconf 75' lang='lat'><em>23</em></span> <span class='ocrx_word' id='word_1_240' title='bbox 344 3432 552 3487; x_wconf 84' lang='grc' dir='ltr'><em>καταλύσεσθαι</em></span> <span class='ocrx_word' id='word_1_241' title='bbox 570 3433 592 3486; x_wconf 86' lang='grc' dir='ltr'><strong>Β</strong></span> <span class='ocrx_word' id='word_1_242' title='bbox 665 3435 700 3485; x_wconf 77' lang='lat'><em>24</em></span> <span class='ocrx_word' id='word_1_243' title='bbox 718 3429 755 3501; x_wconf 76' lang='grc' dir='ltr'><em>μὴ</em></span> <span class='ocrx_word' id='word_1_244' title='bbox 774 3428 810 3499; x_wconf 77' lang='grc' dir='ltr'><em>δὴ</em></span> <span class='ocrx_word' id='word_1_245' title='bbox 829 3424 973 3500; x_wconf 80' lang='grc' dir='ltr'><em>ὑπολάβης</em></span> <span class='ocrx_word' id='word_1_246' title='bbox 989 3427 1016 3481; x_wconf 90' lang='lat' dir='ltr'>A</span> 
     </span>
    </p>
   </div>
   <div class='ocr_carea' id='block_1_4' title="bbox 884 3515 936 3571">
    <p class='ocr_par' dir='ltr' id='par_1_7' title="bbox 884 3515 936 3571">
     <span class='ocr_line' id='line_1_32' title="bbox 884 3515 936 3571; baseline 0.019 -1"><span class='ocrx_word' id='word_1_247' title='bbox 884 3515 936 3571; x_wconf 78' lang='lat'><em>13*</em></span> 
     </span>
    </p>
   </div>
   <div class='ocr_carea' id='block_1_5' title="bbox 0 0 1223 3848">
    <p class='ocr_par' dir='ltr' id='par_1_8' title="bbox 0 0 1223 3848">
     <span class='ocr_line' id='line_1_33' title="bbox 0 0 1223 3848; baseline 0 0"><span class='ocrx_word' id='word_1_248' title='bbox 0 0 1223 3848; x_wconf 95' lang='lat' dir='ltr'><em> </em></span> 
     </span>
    </p>
   </div>
  </div>
 </body>
</html>
