2424 3848
539 173 707 225 -Θ-
1063 173 1128 238 337

115 337 256 420 νεκροὺς
283 335 301 401 6
328 334 452 410 ύπατος
478 332 532 398 καὶ
559 345 626 399 τῶν
655 335 751 398 ίδίων
778 335 884 419 ταφάς
908 334 1131 418 ποιησάμενος

46 441 224 525 184οάπῖηγε
245 441 307 524 τήν
331 441 488 524 στρατιὰν
510 437 565 504 καὶ
587 443 729 522 πλησίον
752 449 810 524 τῆς
834 440 1047 507 Οὐιεντανῶν
1069 444 1130 507 πύ-

116 555 200 625 λεως
226 546 429 628 καταστήσας
451 545 668 631 προύκαλεῖτο
692 549 771 622 τοὺς
794 548 903 612 ἐνδον.
950 549 994 625 ὡς
1017 543 1047 612 δ’
1072 548 1166 614 ού-5

118 652 188 731 δεὶς
215 651 302 739 ἐξῄει
324 655 551 738 μαχησόμενος
574 653 701 738 ἀπορον
724 653 813 737 δρῶν
836 663 945 738 χρῆμα
968 653 1004 718 ἐκ
1025 677 1130 740 τειχο-

117 762 237 846 μαχίας
256 759 378 834 αὐτοὺς
397 757 485 824 ἑλεῖν
504 758 625 843 ἐχυράν
643 760 774 843 σφόδρα
792 761 926 844 ἐχοντας
943 763 1053 843 πόλιν,
1073 768 1131 844 τής
1157 783 1172 824 ε

117 876 179 951 γῆς
202 865 312 931 αὐτῶν
334 866 462 949 πολλήν
484 866 703 951 καταδραμὼν
726 867 774 942 είς
796 865 857 948 τήν
880 869 1038 949 Σαβίνων
1062 864 1131 931 ἐνέ-

118 978 210 1058 βαλε.
246 973 448 1056 λεηλατήσας
471 969 508 1036 δὲ
530 970 686 1054 κάκείνην
709 973 757 1036 ἔτι
780 969 935 1056 ἀκέραιον
954 966 1059 1038 οὖσαν
1078 971 1129 1036 ἐπὶ

118 1079 244 1156 πολλάς
269 1076 392 1162 ἡμέρας
418 1074 474 1142 καὶ
501 1081 639 1162 βαρεῖαν
663 1079 728 1162 ήδη
750 1078 812 1160 τήν
835 1075 1023 1160 ἀποσκευήν
1045 1079 1131 1161 έχων

119 1196 191 1262 ταῖς
225 1184 398 1269 ὠφελείαις
433 1182 558 1267 ἀπῆγεν
587 1181 636 1248 ἐπ’
669 1189 763 1249 οίκον
792 1184 853 1267 τήν
883 1183 1040 1266 δύναμιν·
1076 1180 1132 1247 καὶ

120 1291 210 1377 αὐτῷ
233 1291 250 1356 6
275 1286 337 1374 μὲν
360 1291 463 1373 δῆμος
485 1291 550 1376 πρὸ
573 1294 700 1356 πολλοῦ
722 1298 781 1373 τῆς
803 1293 929 1365 πόλεως
952 1291 1024 1354 ύντι
1044 1287 1131 1354 ἐστε·
1145 1315 1172 1354 ιο

121 1395 318 1482 φανωμένος
339 1395 469 1479 ὑπήντα
488 1399 683 1479 λιβανωτοῖς
699 1419 734 1461 τε
752 1402 887 1480 θυμιῶν
904 1398 965 1480 τήν
983 1395 1132 1481 πάροδον

120 1501 176 1569 καὶ
193 1511 352 1588 κρατῆρσι
371 1500 568 1587 μελικράτου
586 1499 798 1587 κεκραμένοις
815 1501 1059 1586 ὑποδεχόμενος
1072 1502 1133 1585 τήν

121 1607 291 1693 στρατιάν·
315 1606 335 1689 ή
360 1603 397 1671 δὲ
420 1607 525 1690 βουλή
548 1608 609 1690 τήν
631 1617 692 1673 τοῦ
713 1595 884 1693 θριάμβου
902 1608 1036 1692 πομπήν
1055 1607 1134 1692 ἐψη-

121 1719 252 1800 φίσατο.
297 1714 315 1780 6
344 1710 373 1777 δ’
402 1712 513 1799 ἕτερος
539 1723 606 1778 τῶν
633 1713 769 1779 ύπάτων
793 1715 892 1792 Γάιος
914 1716 1077 1799 Ναύτιος,
1107 1707 1170 1803 936

120 1820 311 1908 προσέκειτο
334 1819 417 1884 κατά
439 1823 563 1904 κλῆρον
585 1819 606 1902 ή
629 1830 697 1885 τῶν
720 1821 901 1906 συμμάχων
920 1823 1076 1886 Λατίνων
1099 1844 1133 1886 τε
1148 1844 1175 1886 15

121 1925 177 1993 καὶ
186 1924 349 2012 Ἑρνίκων
363 1925 506 2010 φυλακή,
521 1924 728 2011 βραδυτέραν
742 1924 919 2011 ἐποιήσατο
933 1926 995 2009 τήν
1004 1928 1134 2005 ἔξοδον·

122 2030 191 2100 οὔτ’
220 2032 342 2119 ἀπορίᾳ
369 2028 438 2097 οὔτ’
466 2033 554 2119 ύκνιμ
581 2041 641 2096 τοῦ
668 2033 829 2097 κινδύνου
852 2033 1045 2117 κρατηθείς,
1073 2034 1134 2114 τήν

52 2135 155 2208 18416'
170 2128 368 2229 ’ἀδηλότητα
390 2146 451 2203 τοῦ
473 2139 556 2223 πρὸς
580 2136 803 2214 Οὐιεντανοὺς
825 2136 970 2222 πολέμου
993 2136 1135 2221 καραδο-

122 2256 204 2328 κῶν,
226 2242 270 2309 ἵν’
294 2243 353 2308 ἐάν
376 2267 407 2308 τι
431 2246 540 2328 συμβῇ
558 2254 703 2326 πταῖσμα
720 2240 796 2327 περὶ
814 2244 874 2326 τήν
893 2241 962 2306 ἐκεῖ
978 2243 1135 2326 στρατιάν

123 2351 159 2418 ἐν
184 2348 303 2438 έτοίμω
326 2373 375 2425 τις
397 2349 529 2435 ὑπάρχη
551 2358 590 2434 τῇ
612 2352 708 2414 πόλει
730 2358 920 2413 συνεστῶσα
939 2348 1091 2432 δύναμις,
1113 2347 1177 2431 ήεο

122 2458 265 2523 κωλύσει
287 2458 366 2531 τοὺς
387 2459 567 2539 πολεμίους
589 2456 637 2531 είς
659 2456 721 2538 τήν
743 2455 855 2539 χώραν
878 2452 1048 2537 ἐμβαλεῖν,
1077 2453 1135 2518 ἐάν

122 2564 234 2647 ὥσπερ
262 2563 298 2628 οί
321 2564 484 2646 πρότερον
511 2560 686 2638 ἐλάσαντες
714 2559 767 2626 ἐπὶ
789 2561 851 2644 τήν
868 2558 996 2644 Ῥώμην
1018 2558 1136 2625 ἐπιτει-

123 2672 226 2756 χίζειν
252 2669 327 2733 τινά
354 2669 436 2733 κατά
461 2676 520 2752 τής
544 2671 671 2745 πόλεως
698 2671 802 2754 χωρία
825 2665 1051 2751 ἐπιβάλωνται.
1099 2665 1170 2739 ἐνῖ

124 2773 163 2841 δέ
184 2783 231 2862 τῷ
254 2773 374 2858 μεταξύ
397 2775 517 2840 τούτου
539 2778 650 2862 χρόνῳ
672 2772 727 2839 καὶ
749 2775 768 2841 6
791 2774 873 2838 κατὰ
895 2784 962 2837 τῶν
980 2776 1135 2837 Λατίνων

124 2886 279 2966 πόλεμος,
302 2880 342 2946 ὃν
365 2879 490 2963 ἐπῆγον
512 2879 625 2957 αύτοῖς
638 2881 784 2945 Λίκανοί
801 2902 836 2945 τε
857 2877 912 2945 καὶ
928 2879 1135 2944 Οὐολοῦσκοι
1151 2901 1180 2944 εο

124 2987 218 3064 τέλος
248 2982 383 3070 εὐτυχὲς
412 2988 500 3069 ἐσχε·
537 2983 594 3050 καὶ
623 2985 776 3073 παρῆσάν
805 3008 893 3063 τινες
922 2983 1137 3069 ἀγγέλλοντες

199 3219 214 3267 2
239 3208 326 3283 έξεῐγε
344 3211 391 3265 Ba
415 3207 495 3281 ἐξῆγε
513 3213 539 3266 R
561 3213 652 3282 ἀπῆγε
671 3229 694 3268 ο.
710 3211 833 3266 Βίωδοωίε
851 3211 912 3267 Em.
931 3211 1011 3266 Dion.
1031 3211 1070 3264 111
1084 3210 1135 3283 231

126 3283 260 3356 γύραςΟ
283 3285 389 3345 πόλεως
408 3283 529 3352 Sylburg
600 3285 783 3353 4τειμαγίας
800 3282 847 3336 Ba
919 3283 1095 3351 ’ῖάκεραίαν
1113 3283 1139 3334 Α

128 3362 161 3410 15
184 3354 202 3422 ή
223 3371 276 3408 om.
295 3356 321 3407 A
430 3362 462 3410 17
486 3355 602 3430 ἀπειρίᾳ
626 3371 649 3409 ο.
669 3353 790 3423 Sylburg
896 3351 1074 3423 2οδννάμει
1092 3353 1141 3406 Ba.

126 3433 161 3481 22
181 3425 250 3494 ὅπερ
268 3423 347 3479 ABO

182 3525 283 3567 mom.
297 3525 360 3567 Ηεε..
370 3524 415 3564 111.
441 3534 480 3565 ιο.
493 3524 595 3566 ῖιοοεω.
947 3518 980 3567 22
