2378 3840
520 186 687 236 -H-
1047 183 1110 247 167

101 344 214 424 ίξοὸον
239 347 360 431 κομιδῇ
387 343 463 423 νέος
490 347 554 430 ὥν,
586 347 639 413 ὅτε
667 347 749 433 πρὸς
775 349 853 423 τοὺς
879 349 1026 430 βασιλεῖς
1052 349 1111 433 βία

99 455 268 530 κατιόντας
285 453 524 537 ἠγωνιζόμεθα.
557 451 593 518 ἐκ
610 454 731 536 ταύτης
743 461 801 537 τής
814 452 919 538 μάχης
933 452 1111 539 ἀριστείοις

98 557 286 643 ἀνεδούμην
298 559 364 625 ὑπὸ
378 567 438 625 τοῦ
456 568 641 644 στρατηγοῦ
660 558 836 643 στεφάνοις
853 562 992 643 πολίτην
1009 557 1110 646 ὑπερ-

35 674 45 687 ‘
97 669 236 752 ασπίσας
258 663 314 731 καὶ
335 664 494 750 πολέμιον
522 665 725 742 ἀποκτείνας.
775 662 880 730 ἔπειθ’
909 666 988 742 ὅσας
1010 666 1112 742 άλλας

97 773 229 849 ίππικάς
256 769 312 836 καὶ
328 773 468 858 ,πεζικὰς
493 771 708 856 ἠγωνισάμην
736 771 856 856 μάχας,
883 769 1046 857 ἐπιφανὴς
1072 755 1151 870 ἐνῧχ

95 877 235 956 άπάσαις
253 877 414 964 ἐγενόμην
432 877 488 944 καὶ
505 878 672 962 τάριστεῖα
691 875 725 956 ἐξ
744 876 880 942 ἁπασῶν
899 879 1033 962 ἔλαβον·
1054 876 1110 943 καὶ

36 985 171 1051 ιοιοούτε
193 988 291 1062 πόλις
313 984 350 1050 ἐκ
371 983 686 1071 τειχομαχίαςὲάλω
709 1008 768 1067 τις,
790 979 829 1069 ἠς
852 983 914 1049 οὐκ
937 982 1000 1067 ἐγὼ
1021 995 1110 1069 πρῶ-

93 1115 149 1168 τος
175 1088 298 1177 ἐπέβην
325 1091 346 1175 ἠ
373 1094 476 1176 μόνος
502 1089 523 1174 ἠ
547 1094 610 1156 σὺν
633 1092 772 1174 ὀλίγοις,
801 1091 877 1156 ούτε
899 1090 990 1175 φυγή
1012 1097 1110 1157 πολε-

94 1201 181 1283 μίων
209 1197 246 1264 εἰι
266 1196 475 1283 παρατάξεως
502 1195 649 1280 ἐγένετο,
676 1191 715 1281 ἧς
742 1196 803 1263 οὐκ
830 1192 887 1281 ἐμὲ
914 1197 1108 1263 αἰτιώτατον

92 1303 253 1388 γενέσθαι
283 1304 404 1381 πάντες
431 1304 467 1369 οἱ
492 1305 653 1389 παρόντες
679 1304 890 1388 ὡμολόγουν,
922 1298 995 1368 οὔτ’
1025 1303 1108 1369 άλλο
1124 1325 1149 1364 ιι

92 1422 160 1478 τῶν
187 1417 348 1496 λαμπρῶν
375 1409 396 1494 ἠ
423 1413 588 1493 γενναίων
615 1409 653 1474 ἐν
679 1407 836 1495 πολέμοις
866 1411 974 1493 ἔργων
1002 1405 1107 1475 οὐθὲν

92 1519 175 1584 άνευ
204 1527 262 1601 τῆς
289 1516 368 1601 ἐμής
394 1513 453 1581 εἴτ’
485 1515 660 1600 εὐτολμίας
687 1513 746 1581 εἴτ’
774 1516 926 1601 εὐτυχίας
947 1512 1108 1600 ἐπράχθη.

159 1622 262 1689 XXX.
299 1621 367 1687 Καὶ
388 1619 484 1689 ταυτὶ
505 1618 567 1707 μὲν
591 1629 669 1700 ἴσως
691 1622 734 1688 άν
757 1625 827 1708 ἔχοι
848 1647 897 1700 τις
919 1619 975 1688 καὶ
998 1621 1108 1711 ἕτερος

90 1727 176 1815 ὑπὲρ
199 1731 303 1796 αὑτοῦ
326 1739 479 1813 γενναῖος
501 1727 599 1815 ἆνήρ,
622 1731 653 1794 εί
669 1730 713 1813 μή
732 1727 788 1794 καὶ
806 1737 961 1813 τοσαῦτα,
984 1727 1108 1813 λέγειν·

91 1836 178 1903 ἀλλά
203 1840 304 1902 πόλιν
331 1837 413 1919 ὅλην
440 1839 489 1912 τίς
521 1832 650 1902 δύναιτ’
683 1835 725 1902 άυ
751 1839 983 1921 καυχήσασθαι
1010 1852 1107 1921 στρα-
1121 1857 1148 1896 15

90 1944 191 2029 τηγὸς
217 1942 238 2026 ἠ
266 1945 408 2029 λοχαγὸς
435 1939 536 2025 ἑλόν,
563 1942 673 2025 ὥσπερ
701 1940 764 2024 ἐγὼ
792 1943 854 2026 τήν
876 1944 1108 2027 Κοριολανῶν,

89 2047 147 2115 καὶ
173 2058 232 2133 τής
259 2047 359 2131 αὐτῆς
384 2043 508 2131 ἠμέρας
534 2046 552 2113 ὁ
581 2046 679 2123 αὐτὸς
706 2044 791 2131 άνήρ
824 2046 981 2130 στρατιάν
1009 2051 1106 2112 πολε-

90 2160 178 2241 μίων
201 2154 417 2239 τρεψάμενος,
439 2153 549 2240 ὥσπερ
568 2151 632 2237 ἐγὼ
651 2154 712 2237 τήν
732 2149 910 2219 Ἀντιατῶν
928 2152 1106 2240 ἐπίκουρον

89 2273 160 2339 τοῖς
181 2258 477 2345 πολιορκουμένοις
503 2257 722 2344 άφικομίνην;
750 2258 793 2325 ἐῶ
816 2259 880 2344 γάρ
903 2257 1028 2346 λέγειν,
1055 2259 1142 2329 ὅτι2

88 2368 245 2444 τοιαύτας
271 2364 389 2450 ἀρετάς
420 2364 692 2450 ἀποδειξάμενος,
727 2363 801 2443 ἐξόν
834 2390 890 2450 μοι
922 2370 1038 2450 λαβεῖν
1069 2365 1106 2432 ἐκ
1120 2389 1147 2430 ιο

88 2486 158 2541 τῶν
186 2473 347 2559 λαφύρων
373 2474 481 2537 πολὺν
508 2467 570 2556 μὲν
596 2473 736 2558 χρυσόν,
763 2474 872 2539 πολύυ
899 2470 929 2536 δ’
957 2474 1106 2561 άργυρον

89 2579 287 2666 ἀνδράποδά
313 2601 347 2644 τε
374 2576 430 2643 καὶ
456 2578 616 2662 ὑποζύγια
647 2575 703 2644 καὶ
733 2581 924 2663 βοσκήματα
955 2577 1010 2643 καὶ
1042 2587 1107 2663 γῆν

37 2688 219 2772 σῖῖπολλήν
241 2683 297 2751 καὶ
320 2683 452 2768 άγαθήυ
471 2683 533 2750 οὐκ
556 2683 691 2769 ἠξίωσα,
714 2682 788 2750 ἀλλ’
810 2682 1041 2768 ἀνεπίφθονον
1061 2684 1106 2761 ὡς

89 2795 232 2880 μάλιστα
267 2788 448 2876 βουληθεὶς
483 2790 625 2875 ἐμαυτὸν
665 2800 865 2876 παρασχεῖν,
904 2791 1105 2875 πολεμιστὴν

89 2902 193 2967 ἵππον
225 2897 299 2965 ἕνα,
313 2899 419 2981 μόνον
448 2894 485 2961 ἐκ
518 2907 585 2962 τῶν
616 2897 777 2983 λαφύρων
806 2898 927 2980 ἔλαβον
958 2892 1013 2961 καὶ
1045 2898 1104 2962 τὸν
1118 2917 1147 2958 ιε

89 3004 237 3091 ἐμαυτοῦ
255 3001 352 3081 ξένον
370 3000 408 3067 ἐκ
424 3011 492 3067 των
511 3003 738 3087 αἰχμαλώτων,
756 3004 816 3068 τὸν
834 2998 867 3066 δ’
885 3002 988 3068 άλλον
1001 3007 1104 3069 πλοῦ-

160 3159 285 3230 5ἠγωνι
277 3158 399 3248 σάμεόα
418 3157 599 3246 c.Kiessling
653 3152 752 3213 8⁸32:
731 3155 853 3248 πὲβηνή
867 3159 919 3251 σρν
934 3158 1102 3228 όλίγιοςΑΒ

90 3227 146 3288 ἒ.
130 3228 292 3303 ηιήμόνος
309 3228 455 3286 σμ’όῦ
441 3249 506 3292 ονος
520 3228 680 3284 addendum
694 3245 756 3284 οεεε
775 3178 898 3297 οολή
871 3247 904 3284 σο
905 3249 922 3283 ν
937 3229 984 3284 όλί
970 3232 1104 3293 ίι-οςᾶο

88 3303 206 3358 lendum
223 3318 284 3357 οεεο
303 3303 399 3356 censet
443 3300 539 3354 eudler
556 3299 646 3354 Τίτοο
666 3300 727 3355 crit.
745 3317 772 3369 p.
793 3306 827 3356 56
901 3307 968 3356 100
987 3301 1103 3357 τεόλλο

88 3366 458 3513 λῄαχχιχιχχρχςήιγχιχιχοχῦοιχόα
440 3391 457 3425 ν
459 3368 607 3497 ὑχιχλέιςος
625 3368 749 3442 ἔργονΑ
858 3377 892 3427 14
911 3370 938 3427 εί
954 3373 1004 3428 καὶ
1021 3374 1104 3444 μήο.
1173 3443 1176 3447 ,
