<?xml version="1.0" encoding="UTF-8"?>
<!DOCTYPE html PUBLIC "-//W3C//DTD XHTML 1.0 Transitional//EN"
    "http://www.w3.org/TR/xhtml1/DTD/xhtml1-transitional.dtd">
<html xmlns="http://www.w3.org/1999/xhtml" xml:lang="en" lang="en">
 <head>
  <title>
</title>
<meta http-equiv="Content-Type" content="text/html;charset=utf-8" />
  <meta name='ocr-system' content='tesseract 3.04.00' />
  <meta name='ocr-capabilities' content='ocr_page ocr_carea ocr_par ocr_line ocrx_word'/>
</head>
<body>
  <div class='ocr_page' id='page_1' title='image "./dionysihalicarn04diongoog_0012.png"; bbox 0 0 2424 3848; ppageno 0'>
   <div class='ocr_carea' id='block_1_1' title="bbox 541 169 1129 234">
    <p class='ocr_par' dir='ltr' id='par_1_1' title="bbox 541 169 1129 234">
     <span class='ocr_line' id='line_1_1' title="bbox 541 169 1129 234; baseline 0 -22"><span class='ocrx_word' id='word_1_1' title='bbox 541 174 704 222; x_wconf 78' lang='lat' dir='ltr'><strong>..z-</strong></span> <span class='ocrx_word' id='word_1_2' title='bbox 1109 169 1129 234; x_wconf 89' lang='lat'><strong>3</strong></span> 
     </span>
    </p>
   </div>
   <div class='ocr_carea' id='block_1_2' title="bbox 47 331 1169 3064">
    <p class='ocr_par' dir='ltr' id='par_1_2' title="bbox 113 331 1165 1266">
     <span class='ocr_line' id='line_1_2' title="bbox 115 331 1131 418; baseline 0 -20"><span class='ocrx_word' id='word_1_3' title='bbox 115 334 151 399; x_wconf 89' lang='grc' dir='ltr'><em>οί</em></span> <span class='ocrx_word' id='word_1_4' title='bbox 170 335 266 399; x_wconf 81' lang='grc' dir='ltr'><em>ἄλλοι</em></span> <span class='ocrx_word' id='word_1_5' title='bbox 289 333 410 418; x_wconf 87' lang='grc' dir='ltr'><em>σχεδὸν</em></span> <span class='ocrx_word' id='word_1_6' title='bbox 428 332 569 409; x_wconf 82' lang='grc' dir='ltr'><em>ἀπαντες</em></span> <span class='ocrx_word' id='word_1_7' title='bbox 587 342 790 416; x_wconf 76' lang='grc' dir='ltr'><em>συγγραφεῖς</em></span> <span class='ocrx_word' id='word_1_8' title='bbox 808 331 1023 416; x_wconf 80' lang='grc' dir='ltr'><em>ὁμολογοῦσι·</em></span> <span class='ocrx_word' id='word_1_9' title='bbox 1048 335 1131 398; x_wconf 88' lang='grc' dir='ltr'><em>Διο-</em></span> 
     </span>
     <span class='ocr_line' id='line_1_3' title="bbox 115 435 1130 526; baseline -0.003 -21"><span class='ocrx_word' id='word_1_10' title='bbox 115 441 229 517; x_wconf 91' lang='grc' dir='ltr'><em>νύσιος</em></span> <span class='ocrx_word' id='word_1_11' title='bbox 251 435 283 503; x_wconf 83' lang='grc' dir='ltr'><em>δ’</em></span> <span class='ocrx_word' id='word_1_12' title='bbox 305 438 324 505; x_wconf 86' lang='grc' dir='ltr'>ὁ</span> <span class='ocrx_word' id='word_1_13' title='bbox 346 438 568 523; x_wconf 83' lang='grc' dir='ltr'><em>πρεσβύτερος</em></span> <span class='ocrx_word' id='word_1_14' title='bbox 590 437 800 526; x_wconf 76' lang='grc' dir='ltr'><em>ὀγδοηκοστῷ</em></span> <span class='ocrx_word' id='word_1_15' title='bbox 825 435 880 502; x_wconf 80' lang='grc' dir='ltr'><em>καὶ</em></span> <span class='ocrx_word' id='word_1_16' title='bbox 897 435 1032 525; x_wconf 79' lang='grc' dir='ltr'><strong><em>πέμπτῳ</em></strong></span> <span class='ocrx_word' id='word_1_17' title='bbox 1050 439 1130 521; x_wconf 81' lang='grc' dir='ltr'><em>μετὰ</em></span> 
     </span>
     <span class='ocr_line' id='line_1_4' title="bbox 115 540 1130 629; baseline -0.001 -19"><span class='ocrx_word' id='word_1_18' title='bbox 115 541 204 610; x_wconf 79' lang='grc' dir='ltr'><em>ταῦτ’</em></span> <span class='ocrx_word' id='word_1_19' title='bbox 227 545 292 608; x_wconf 82' lang='grc' dir='ltr'><em>ἔτει</em></span> <span class='ocrx_word' id='word_1_20' title='bbox 310 546 555 629; x_wconf 78' lang='grc' dir='ltr'><em>Συρακουσίοις</em></span> <span class='ocrx_word' id='word_1_21' title='bbox 578 542 761 619; x_wconf 85' lang='grc' dir='ltr'><em>έπαναστδις</em></span> <span class='ocrx_word' id='word_1_22' title='bbox 779 540 912 629; x_wconf 77' lang='grc' dir='ltr'><em>κατέσχε</em></span> <span class='ocrx_word' id='word_1_23' title='bbox 930 545 991 628; x_wconf 86' lang='grc' dir='ltr'><em>τῆν</em></span> <span class='ocrx_word' id='word_1_24' title='bbox 1010 567 1130 627; x_wconf 89' lang='grc' dir='ltr'><em>τυραν-</em></span> 
     </span>
     <span class='ocr_line' id='line_1_5' title="bbox 115 648 1130 735; baseline 0 -19"><span class='ocrx_word' id='word_1_25' title='bbox 115 653 192 716; x_wconf 92' lang='grc' dir='ltr'><em>νίδα</em></span> <span class='ocrx_word' id='word_1_26' title='bbox 222 650 305 715; x_wconf 81' lang='grc' dir='ltr'><em>κατὰ</em></span> <span class='ocrx_word' id='word_1_27' title='bbox 337 651 396 716; x_wconf 86' lang='grc' dir='ltr'><em>τὸν</em></span> <span class='ocrx_word' id='word_1_28' title='bbox 425 653 538 735; x_wconf 92' lang='grc' dir='ltr'><em>τρίτον</em></span> <span class='ocrx_word' id='word_1_29' title='bbox 566 649 719 716; x_wconf 87' lang='grc' dir='ltr'><em>ε’νιαυτόν</em></span> <span class='ocrx_word' id='word_1_30' title='bbox 746 659 804 734; x_wconf 92' lang='grc' dir='ltr'><em>τῆς</em></span> <span class='ocrx_word' id='word_1_31' title='bbox 832 649 1048 735; x_wconf 78' lang='grc' dir='ltr'><em>ἐνενηκοστῆς</em></span> <span class='ocrx_word' id='word_1_32' title='bbox 1073 648 1130 716; x_wconf 81' lang='grc' dir='ltr'><em>καὶ</em></span> 
     </span>
     <span class='ocr_line' id='line_1_6' title="bbox 115 752 1165 842; baseline -0.003 -21"><span class='ocrx_word' id='word_1_33' title='bbox 115 759 225 842; x_wconf 89' lang='grc' dir='ltr'><em>τρίτης</em></span> <span class='ocrx_word' id='word_1_34' title='bbox 243 755 447 839; x_wconf 73' lang='grc' dir='ltr'><em>ὀλυμπιάδος</em></span> <span class='ocrx_word' id='word_1_35' title='bbox 465 757 625 842; x_wconf 87' lang='grc' dir='ltr'><em>άρχοντος</em></span> <span class='ocrx_word' id='word_1_36' title='bbox 636 752 796 840; x_wconf 79' lang='grc' dir='ltr'><em>Ἀθήνησι</em></span> <span class='ocrx_word' id='word_1_37' title='bbox 811 758 960 821; x_wconf 83' lang='grc' dir='ltr'><em>Καλλίου</em></span> <span class='ocrx_word' id='word_1_38' title='bbox 978 765 1039 822; x_wconf 86' lang='grc' dir='ltr'><em>τοῦ</em></span> <span class='ocrx_word' id='word_1_39' title='bbox 1057 753 1127 839; x_wconf 82' lang='grc' dir='ltr'><em>μετ’</em></span> <span class='ocrx_word' id='word_1_40' title='bbox 1154 776 1165 818; x_wconf 82' lang='grc' dir='ltr'><em>ι</em></span> 
     </span>
     <span class='ocr_line' id='line_1_7' title="bbox 113 856 1164 948; baseline 0.003 -22"><span class='ocrx_word' id='word_1_41' title='bbox 113 859 290 946; x_wconf 79' lang='grc' dir='ltr'><em>Ἀντιγένη.</em></span> <span class='ocrx_word' id='word_1_42' title='bbox 326 861 451 945; x_wconf 76' lang='grc' dir='ltr'><em>ὀλίγοις</em></span> <span class='ocrx_word' id='word_1_43' title='bbox 473 858 535 946; x_wconf 71' lang='grc' dir='ltr'><em>μέν</em></span> <span class='ocrx_word' id='word_1_44' title='bbox 558 856 621 928; x_wconf 85' lang='grc' dir='ltr'><em>οὖν</em></span> <span class='ocrx_word' id='word_1_45' title='bbox 644 865 729 927; x_wconf 78' lang='grc' dir='ltr'><em>ἔτεσι</em></span> <span class='ocrx_word' id='word_1_46' title='bbox 753 865 945 948; x_wconf 75' lang='grc' dir='ltr'><em>διαμαρτεῖν</em></span> <span class='ocrx_word' id='word_1_47' title='bbox 968 873 1035 928; x_wconf 79' lang='grc' dir='ltr'><em>τῶν</em></span> <span class='ocrx_word' id='word_1_48' title='bbox 1053 865 1164 947; x_wconf 89' lang='grc' dir='ltr'><em>χρό-6</em></span> 
     </span>
     <span class='ocr_line' id='line_1_8' title="bbox 114 966 1129 1055; baseline 0 -21"><span class='ocrx_word' id='word_1_49' title='bbox 114 993 184 1034; x_wconf 89' lang='grc' dir='ltr'><em>νων</em></span> <span class='ocrx_word' id='word_1_50' title='bbox 212 969 287 1051; x_wconf 91' lang='grc' dir='ltr'><em>δοίη</em></span> <span class='ocrx_word' id='word_1_51' title='bbox 310 991 359 1045; x_wconf 95' lang='grc' dir='ltr'><em>τις</em></span> <span class='ocrx_word' id='word_1_52' title='bbox 382 967 424 1033; x_wconf 82' lang='grc' dir='ltr'><em>ἀν</em></span> <span class='ocrx_word' id='word_1_53' title='bbox 448 969 626 1054; x_wconf 74' lang='grc' dir='ltr'><em>ἱστορικοῖς</em></span> <span class='ocrx_word' id='word_1_54' title='bbox 648 967 811 1055; x_wconf 81' lang='grc' dir='ltr'><em>ἀνδράσιν</em></span> <span class='ocrx_word' id='word_1_55' title='bbox 835 967 971 1054; x_wconf 78' lang='grc' dir='ltr'><em>ἀρχαίας</em></span> <span class='ocrx_word' id='word_1_56' title='bbox 993 966 1048 1033; x_wconf 79' lang='grc' dir='ltr'><em>καὶ</em></span> <span class='ocrx_word' id='word_1_57' title='bbox 1070 989 1129 1035; x_wconf 86' lang='grc' dir='ltr'><em>πο·</em></span> 
     </span>
     <span class='ocr_line' id='line_1_9' title="bbox 116 1070 1129 1160; baseline -0.001 -20"><span class='ocrx_word' id='word_1_58' title='bbox 116 1080 239 1150; x_wconf 87' lang='grc' dir='ltr'><em>λυετεῖς</em></span> <span class='ocrx_word' id='word_1_59' title='bbox 263 1073 535 1158; x_wconf 79' lang='grc' dir='ltr'><em>συνταττομένοις</em></span> <span class='ocrx_word' id='word_1_60' title='bbox 558 1078 795 1160; x_wconf 90' lang='grc' dir='ltr'><em>πραγματείας,</em></span> <span class='ocrx_word' id='word_1_61' title='bbox 817 1085 946 1158; x_wconf 89' lang='grc' dir='ltr'><em>γενεαῖς</em></span> <span class='ocrx_word' id='word_1_62' title='bbox 969 1070 1006 1139; x_wconf 71' lang='grc' dir='ltr'><em>δέ</em></span> <span class='ocrx_word' id='word_1_63' title='bbox 1030 1072 1129 1140; x_wconf 80' lang='grc' dir='ltr'><em>δυσὶν</em></span> 
     </span>
     <span class='ocr_line' id='line_1_10' title="bbox 115 1177 1129 1266; baseline 0.002 -22"><span class='ocrx_word' id='word_1_64' title='bbox 115 1179 135 1264; x_wconf 81' lang='grc' dir='ltr'><em>ῆ</em></span> <span class='ocrx_word' id='word_1_65' title='bbox 167 1177 276 1266; x_wconf 77' lang='grc' dir='ltr'><em>τρισὶν</em></span> <span class='ocrx_word' id='word_1_66' title='bbox 303 1179 395 1257; x_wconf 83' lang='grc' dir='ltr'><em>ὅλαις</em></span> <span class='ocrx_word' id='word_1_67' title='bbox 422 1179 700 1265; x_wconf 79' lang='grc' dir='ltr'><em>ἀποπλανηθῆναι</em></span> <span class='ocrx_word' id='word_1_68' title='bbox 727 1189 784 1263; x_wconf 89' lang='grc' dir='ltr'><em>τῆς</em></span> <span class='ocrx_word' id='word_1_69' title='bbox 811 1178 970 1264; x_wconf 80' lang='grc' dir='ltr'><em>ἀληθείας</em></span> <span class='ocrx_word' id='word_1_70' title='bbox 998 1180 1060 1246; x_wconf 92' lang='grc' dir='ltr'><em>ούκ</em></span> <span class='ocrx_word' id='word_1_71' title='bbox 1087 1179 1129 1246; x_wconf 85' lang='grc' dir='ltr'><em>ἀν</em></span> 
     </span>
    </p>

    <p class='ocr_par' dir='ltr' id='par_1_3' title="bbox 47 1280 1169 2217">
     <span class='ocr_line' id='line_1_11' title="bbox 47 1280 1169 1372; baseline -0.004 -20"><span class='ocrx_word' id='word_1_72' title='bbox 47 1284 330 1371; x_wconf 71' lang='grc' dir='ltr'><em>ιειλέπιτρέῆειεν.</em></span> <span class='ocrx_word' id='word_1_73' title='bbox 376 1280 447 1352; x_wconf 88' lang='grc' dir='ltr'><em>ἀλλ’</em></span> <span class='ocrx_word' id='word_1_74' title='bbox 477 1289 584 1352; x_wconf 80' lang='grc' dir='ltr'><em>ἔοικεν</em></span> <span class='ocrx_word' id='word_1_75' title='bbox 604 1287 635 1352; x_wconf 80' lang='grc' dir='ltr'><em>δ</em></span> <span class='ocrx_word' id='word_1_76' title='bbox 663 1297 792 1372; x_wconf 80' lang='grc' dir='ltr'><em>πρῶτος</em></span> <span class='ocrx_word' id='word_1_77' title='bbox 819 1285 856 1351; x_wconf 87' lang='grc' dir='ltr'><em>έν</em></span> <span class='ocrx_word' id='word_1_78' title='bbox 883 1296 955 1362; x_wconf 86' lang='grc' dir='ltr'><em>ταῖς</em></span> <span class='ocrx_word' id='word_1_79' title='bbox 981 1285 1129 1370; x_wconf 79' lang='grc' dir='ltr'><em>ὡρογρα-</em></span> <span class='ocrx_word' id='word_1_80' title='bbox 1143 1308 1169 1348; x_wconf 83' lang='grc' dir='ltr'><em>ιο</em></span> 
     </span>
     <span class='ocr_line' id='line_1_12' title="bbox 113 1385 1132 1480; baseline 0.001 -24"><span class='ocrx_word' id='word_1_81' title='bbox 113 1397 206 1476; x_wconf 94' lang='grc' dir='ltr'><em>φίαις</em></span> <span class='ocrx_word' id='word_1_82' title='bbox 232 1401 331 1459; x_wconf 85' lang='grc' dir='ltr'><em>τούτο</em></span> <span class='ocrx_word' id='word_1_83' title='bbox 357 1395 598 1478; x_wconf 89' lang='grc' dir='ltr'><em>καταχωρίσας,</em></span> <span class='ocrx_word' id='word_1_84' title='bbox 630 1385 656 1480; x_wconf 74' lang='grc' dir='ltr'><em>ᾧ</em></span> <span class='ocrx_word' id='word_1_85' title='bbox 684 1392 806 1469; x_wconf 88' lang='grc' dir='ltr'><em>πάντες</em></span> <span class='ocrx_word' id='word_1_86' title='bbox 832 1391 1069 1475; x_wconf 83' lang='grc' dir='ltr'><em>ἠκολούθησαν</em></span> <span class='ocrx_word' id='word_1_87' title='bbox 1096 1392 1132 1457; x_wconf 89' lang='grc' dir='ltr'><em>οί</em></span> 
     </span>
     <span class='ocr_line' id='line_1_13' title="bbox 114 1496 1128 1584; baseline -0.002 -20"><span class='ocrx_word' id='word_1_88' title='bbox 114 1500 241 1580; x_wconf 88' lang='grc' dir='ltr'><em>λοιποί,</em></span> <span class='ocrx_word' id='word_1_89' title='bbox 272 1508 411 1564; x_wconf 86' lang='grc' dir='ltr'><em>τοσοῦτο</em></span> <span class='ocrx_word' id='word_1_90' title='bbox 441 1501 547 1583; x_wconf 90' lang='grc' dir='ltr'><em>μόνον</em></span> <span class='ocrx_word' id='word_1_91' title='bbox 574 1497 610 1564; x_wconf 91' lang='grc' dir='ltr'><em>έν</em></span> <span class='ocrx_word' id='word_1_92' title='bbox 637 1509 708 1575; x_wconf 85' lang='grc' dir='ltr'><em>ταῖς</em></span> <span class='ocrx_word' id='word_1_93' title='bbox 736 1498 887 1584; x_wconf 90' lang='grc' dir='ltr'><em>ἀρχαίαις</em></span> <span class='ocrx_word' id='word_1_94' title='bbox 914 1497 1022 1583; x_wconf 84' lang='grc' dir='ltr'><em>εὑρὼν</em></span> <span class='ocrx_word' id='word_1_95' title='bbox 1049 1496 1128 1562; x_wconf 89' lang='grc' dir='ltr'><em>ἀνα-</em></span> 
     </span>
     <span class='ocr_line' id='line_1_14' title="bbox 113 1601 1128 1691; baseline 0.001 -23"><span class='ocrx_word' id='word_1_96' title='bbox 113 1615 272 1690; x_wconf 86' lang='grc' dir='ltr'><em>γραφαῖς,</em></span> <span class='ocrx_word' id='word_1_97' title='bbox 303 1605 353 1691; x_wconf 79' lang='grc' dir='ltr'><em>ὅτι</em></span> <span class='ocrx_word' id='word_1_98' title='bbox 385 1602 538 1688; x_wconf 81' lang='grc' dir='ltr'><em>πρέσβεις</em></span> <span class='ocrx_word' id='word_1_99' title='bbox 568 1603 797 1688; x_wconf 79' lang='grc' dir='ltr'><em>ἀπεστάλησαν</em></span> <span class='ocrx_word' id='word_1_100' title='bbox 825 1601 878 1669; x_wconf 77' lang='grc' dir='ltr'><em>ἐπὶ</em></span> <span class='ocrx_word' id='word_1_101' title='bbox 906 1604 1035 1670; x_wconf 88' lang='grc' dir='ltr'><em>τούτων</em></span> <span class='ocrx_word' id='word_1_102' title='bbox 1061 1615 1128 1670; x_wconf 83' lang='grc' dir='ltr'><em>τῶν</em></span> 
     </span>
     <span class='ocr_line' id='line_1_15' title="bbox 112 1708 1128 1796; baseline 0.001 -22"><span class='ocrx_word' id='word_1_103' title='bbox 112 1710 249 1777; x_wconf 87' lang='grc' dir='ltr'><em>ὑπάτων</em></span> <span class='ocrx_word' id='word_1_104' title='bbox 275 1711 323 1787; x_wconf 91' lang='grc' dir='ltr'><em>είς</em></span> <span class='ocrx_word' id='word_1_105' title='bbox 350 1715 509 1776; x_wconf 87' lang='grc' dir='ltr'><em>Σικελίαν</em></span> <span class='ocrx_word' id='word_1_106' title='bbox 538 1721 631 1777; x_wconf 92' lang='grc' dir='ltr'><em>σῖτον</em></span> <span class='ocrx_word' id='word_1_107' title='bbox 659 1711 865 1795; x_wconf 84' lang='grc' dir='ltr'><em>ὠνησόμενοι</em></span> <span class='ocrx_word' id='word_1_108' title='bbox 892 1708 947 1776; x_wconf 79' lang='grc' dir='ltr'><em>καὶ</em></span> <span class='ocrx_word' id='word_1_109' title='bbox 975 1718 1128 1796; x_wconf 87' lang='grc' dir='ltr'><em>παρῆσαν</em></span> 
     </span>
     <span class='ocr_line' id='line_1_16' title="bbox 114 1812 1167 1900; baseline -0.004 -20"><span class='ocrx_word' id='word_1_110' title='bbox 114 1814 245 1880; x_wconf 80' lang='grc' dir='ltr'><em>ἐκεῖθεν</em></span> <span class='ocrx_word' id='word_1_111' title='bbox 267 1817 404 1899; x_wconf 85' lang='grc' dir='ltr'><em>ἀγοντες</em></span> <span class='ocrx_word' id='word_1_112' title='bbox 426 1815 469 1900; x_wconf 81' lang='grc' dir='ltr'><em>ῆν</em></span> <span class='ocrx_word' id='word_1_113' title='bbox 493 1816 510 1883; x_wconf 89' lang='grc' dir='ltr'><strong>ὁ</strong></span> <span class='ocrx_word' id='word_1_114' title='bbox 533 1817 697 1898; x_wconf 91' lang='grc' dir='ltr'><em>τύραννος</em></span> <span class='ocrx_word' id='word_1_115' title='bbox 719 1817 820 1881; x_wconf 79' lang='grc' dir='ltr'><em>ἔδωκε</em></span> <span class='ocrx_word' id='word_1_116' title='bbox 845 1815 990 1899; x_wconf 88' lang='grc' dir='ltr'><em>δωρεάν,</em></span> <span class='ocrx_word' id='word_1_117' title='bbox 1017 1812 1128 1880; x_wconf 89' lang='grc' dir='ltr'><em>ούκέτι</em></span> <span class='ocrx_word' id='word_1_118' title='bbox 1142 1835 1167 1876; x_wconf 79' lang='grc' dir='ltr'><em>ιτ</em></span> 
     </span>
     <span class='ocr_line' id='line_1_17' title="bbox 112 1918 1128 2008; baseline -0.002 -21"><span class='ocrx_word' id='word_1_119' title='bbox 112 1923 180 2006; x_wconf 86' lang='grc' dir='ltr'><em>μῆν</em></span> <span class='ocrx_word' id='word_1_120' title='bbox 202 1924 291 2008; x_wconf 77' lang='grc' dir='ltr'><em>παρὰ</em></span> <span class='ocrx_word' id='word_1_121' title='bbox 313 1933 381 1988; x_wconf 80' lang='grc' dir='ltr'><em>τῶν</em></span> <span class='ocrx_word' id='word_1_122' title='bbox 394 1920 599 2006; x_wconf 82' lang='grc' dir='ltr'><em>Ἑλληνικῶν</em></span> <span class='ocrx_word' id='word_1_123' title='bbox 618 1920 765 2000; x_wconf 77' lang='grc' dir='ltr'><em>ἐξετάσαι</em></span> <span class='ocrx_word' id='word_1_124' title='bbox 785 1918 1016 2007; x_wconf 87' lang='grc' dir='ltr'><em>συγγραφέων,</em></span> <span class='ocrx_word' id='word_1_125' title='bbox 1039 1920 1128 1997; x_wconf 86' lang='grc' dir='ltr'><em>ὅστις</em></span> 
     </span>
     <span class='ocr_line' id='line_1_18' title="bbox 112 2023 1127 2112; baseline -0.001 -20"><span class='ocrx_word' id='word_1_126' title='bbox 112 2023 155 2112; x_wconf 82' lang='grc' dir='ltr'><em>ῆν</em></span> <span class='ocrx_word' id='word_1_127' title='bbox 183 2029 347 2112; x_wconf 92' lang='grc' dir='ltr'><em>τύραννος</em></span> <span class='ocrx_word' id='word_1_128' title='bbox 373 2031 445 2094; x_wconf 85' lang='grc' dir='ltr'><em>τότε</em></span> <span class='ocrx_word' id='word_1_129' title='bbox 470 2030 641 2111; x_wconf 88' lang='grc' dir='ltr'><em>Σικελίας,</em></span> <span class='ocrx_word' id='word_1_130' title='bbox 668 2026 896 2112; x_wconf 83' lang='grc' dir='ltr'><em>ἀβασανίστως</em></span> <span class='ocrx_word' id='word_1_131' title='bbox 921 2023 961 2092; x_wconf 86' lang='grc' dir='ltr'><em>δέ</em></span> <span class='ocrx_word' id='word_1_132' title='bbox 981 2047 1050 2104; x_wconf 90' lang='grc' dir='ltr'><em>πως</em></span> <span class='ocrx_word' id='word_1_133' title='bbox 1072 2024 1127 2092; x_wconf 79' lang='grc' dir='ltr'><em>καὶ</em></span> 
     </span>
     <span class='ocr_line' id='line_1_19' title="bbox 112 2133 899 2217; baseline 0 -20"><span class='ocrx_word' id='word_1_134' title='bbox 112 2133 255 2198; x_wconf 81' lang='grc' dir='ltr'><em>κατὰτὸ</em></span> <span class='ocrx_word' id='word_1_135' title='bbox 278 2135 466 2217; x_wconf 84' lang='grc' dir='ltr'><em>προστυχὸν</em></span> <span class='ocrx_word' id='word_1_136' title='bbox 488 2140 600 2199; x_wconf 88' lang='grc' dir='ltr'><em>θεῖναι</em></span> <span class='ocrx_word' id='word_1_137' title='bbox 623 2136 682 2199; x_wconf 88' lang='grc' dir='ltr'><em>τὸν</em></span> <span class='ocrx_word' id='word_1_138' title='bbox 705 2134 899 2198; x_wconf 85' lang='grc' dir='ltr'><em>Διονύσιον.</em></span> 
     </span>
    </p>

    <p class='ocr_par' dir='ltr' id='par_1_4' title="bbox 112 2233 1168 3064">
     <span class='ocr_line' id='line_1_20' title="bbox 180 2233 1128 2322; baseline 0 -20"><span class='ocrx_word' id='word_1_139' title='bbox 180 2238 224 2304; x_wconf 91' lang='grc' dir='ltr'><em>Π.</em></span> <span class='ocrx_word' id='word_1_140' title='bbox 262 2238 307 2302; x_wconf 88' lang='grc' dir='ltr'><em>Οί</em></span> <span class='ocrx_word' id='word_1_141' title='bbox 335 2233 396 2322; x_wconf 77' lang='grc' dir='ltr'><em>μέν</em></span> <span class='ocrx_word' id='word_1_142' title='bbox 429 2233 490 2304; x_wconf 90' lang='grc' dir='ltr'><em>ούν</em></span> <span class='ocrx_word' id='word_1_143' title='bbox 524 2235 576 2303; x_wconf 79' lang='grc' dir='ltr'><em>ἐπὶ</em></span> <span class='ocrx_word' id='word_1_144' title='bbox 606 2242 761 2315; x_wconf 85' lang='grc' dir='ltr'><em>Σικελίας</em></span> <span class='ocrx_word' id='word_1_145' title='bbox 792 2237 946 2315; x_wconf 83' lang='grc' dir='ltr'><em>πλέοντες</em></span> <span class='ocrx_word' id='word_1_146' title='bbox 975 2236 1128 2322; x_wconf 82' lang='grc' dir='ltr'><em>πρέσβεις</em></span> 
     </span>
     <span class='ocr_line' id='line_1_21' title="bbox 112 2341 1168 2433; baseline -0.003 -25"><span class='ocrx_word' id='word_1_147' title='bbox 112 2355 250 2430; x_wconf 82' lang='grc' dir='ltr'><em>χειμῶνι</em></span> <span class='ocrx_word' id='word_1_148' title='bbox 272 2343 474 2429; x_wconf 89' lang='grc' dir='ltr'><em>χρησάμενοι</em></span> <span class='ocrx_word' id='word_1_149' title='bbox 496 2345 577 2409; x_wconf 81' lang='grc' dir='ltr'><em>κατὰ</em></span> <span class='ocrx_word' id='word_1_150' title='bbox 599 2345 771 2410; x_wconf 88' lang='grc' dir='ltr'><em>θάλατταν</em></span> <span class='ocrx_word' id='word_1_151' title='bbox 788 2341 843 2410; x_wconf 82' lang='grc' dir='ltr'><em>καὶ</em></span> <span class='ocrx_word' id='word_1_152' title='bbox 862 2345 972 2433; x_wconf 81' lang='grc' dir='ltr'><em>κύκλφ</em></span> <span class='ocrx_word' id='word_1_153' title='bbox 990 2344 1051 2426; x_wconf 86' lang='grc' dir='ltr'><em>τῆν</em></span> <span class='ocrx_word' id='word_1_154' title='bbox 1069 2351 1127 2427; x_wconf 89' lang='grc' dir='ltr'><em>νῆ-</em></span> <span class='ocrx_word' id='word_1_155' title='bbox 1142 2363 1168 2405; x_wconf 81' lang='grc' dir='ltr'><em>ιο</em></span> 
     </span>
     <span class='ocr_line' id='line_1_22' title="bbox 114 2448 1128 2536; baseline 0 -22"><span class='ocrx_word' id='word_1_156' title='bbox 114 2466 176 2516; x_wconf 94' lang='grc' dir='ltr'><em>σον</em></span> <span class='ocrx_word' id='word_1_157' title='bbox 204 2454 375 2535; x_wconf 85' lang='grc' dir='ltr'><em>περιπλεῖν</em></span> <span class='ocrx_word' id='word_1_158' title='bbox 403 2448 668 2532; x_wconf 79' lang='grc' dir='ltr'><em>ἀναγκασθέντες</em></span> <span class='ocrx_word' id='word_1_159' title='bbox 694 2453 828 2536; x_wconf 89' lang='grc' dir='ltr'><em>χρόνιοί</em></span> <span class='ocrx_word' id='word_1_160' title='bbox 851 2473 885 2515; x_wconf 91' lang='grc' dir='ltr'><em>τε</em></span> <span class='ocrx_word' id='word_1_161' title='bbox 915 2452 1128 2534; x_wconf 79' lang='grc' dir='ltr'><em>κατήχθησαν</em></span> 
     </span>
     <span class='ocr_line' id='line_1_23' title="bbox 112 2551 1128 2641; baseline -0.001 -21"><span class='ocrx_word' id='word_1_162' title='bbox 112 2558 196 2640; x_wconf 87' lang='grc' dir='ltr'><em>πρὸς</em></span> <span class='ocrx_word' id='word_1_163' title='bbox 209 2558 267 2620; x_wconf 90' lang='grc' dir='ltr'><em>τὸν</em></span> <span class='ocrx_word' id='word_1_164' title='bbox 279 2554 458 2639; x_wconf 87' lang='grc' dir='ltr'><em>τύραννον,</em></span> <span class='ocrx_word' id='word_1_165' title='bbox 471 2551 526 2620; x_wconf 82' lang='grc' dir='ltr'><em>καὶ</em></span> <span class='ocrx_word' id='word_1_166' title='bbox 540 2556 601 2639; x_wconf 83' lang='grc' dir='ltr'><em>τῆν</em></span> <span class='ocrx_word' id='word_1_167' title='bbox 614 2557 805 2641; x_wconf 82' lang='grc' dir='ltr'><em>χειμερινὴν</em></span> <span class='ocrx_word' id='word_1_168' title='bbox 815 2555 886 2621; x_wconf 80' lang='grc' dir='ltr'><em>ἐκεῖ</em></span> <span class='ocrx_word' id='word_1_169' title='bbox 897 2558 1128 2640; x_wconf 79' lang='grc' dir='ltr'><em>διατρίψαντες</em></span> 
     </span>
     <span class='ocr_line' id='line_1_24' title="bbox 114 2657 1128 2746; baseline 0 -20"><span class='ocrx_word' id='word_1_170' title='bbox 114 2661 206 2746; x_wconf 81' lang='grc' dir='ltr'><em>ὥραν</em></span> <span class='ocrx_word' id='word_1_171' title='bbox 229 2661 307 2744; x_wconf 84' lang='grc' dir='ltr'><em>μετὰ</em></span> <span class='ocrx_word' id='word_1_172' title='bbox 330 2657 431 2746; x_wconf 84' lang='grc' dir='ltr'><em>θέρος</em></span> <span class='ocrx_word' id='word_1_173' title='bbox 455 2659 645 2744; x_wconf 80' lang='grc' dir='ltr'><em>ἐπανῆλθον</em></span> <span class='ocrx_word' id='word_1_174' title='bbox 669 2664 716 2738; x_wconf 85' lang='grc' dir='ltr'><em>είς</em></span> <span class='ocrx_word' id='word_1_175' title='bbox 730 2657 872 2728; x_wconf 88' lang='grc' dir='ltr'><em>Ἰταλίαν</em></span> <span class='ocrx_word' id='word_1_176' title='bbox 894 2662 1018 2737; x_wconf 79' lang='grc' dir='ltr'><em>πολλὰς</em></span> <span class='ocrx_word' id='word_1_177' title='bbox 1035 2665 1128 2744; x_wconf 89' lang='grc' dir='ltr'><em>κομί-</em></span> 
     </span>
     <span class='ocr_line' id='line_1_25' title="bbox 115 2762 1162 2852; baseline 0.002 -20"><span class='ocrx_word' id='word_1_178' title='bbox 115 2770 225 2845; x_wconf 82' lang='grc' dir='ltr'><em>ζοντες</em></span> <span class='ocrx_word' id='word_1_179' title='bbox 247 2764 379 2852; x_wconf 85' lang='grc' dir='ltr'><em>ἀγοράς.</em></span> <span class='ocrx_word' id='word_1_180' title='bbox 416 2767 451 2832; x_wconf 75' lang='lat' dir='ltr'><em>oc</em></span> <span class='ocrx_word' id='word_1_181' title='bbox 472 2764 501 2830; x_wconf 88' lang='grc' dir='ltr'><em>δ’</em></span> <span class='ocrx_word' id='word_1_182' title='bbox 524 2770 572 2843; x_wconf 86' lang='grc' dir='ltr'><em>είς</em></span> <span class='ocrx_word' id='word_1_183' title='bbox 594 2769 632 2833; x_wconf 86' lang='grc' dir='ltr'><em>τὸ</em></span> <span class='ocrx_word' id='word_1_184' title='bbox 657 2771 873 2851; x_wconf 90' lang='grc' dir='ltr'><em>Πωμεντῖνον</em></span> <span class='ocrx_word' id='word_1_185' title='bbox 891 2762 1162 2842; x_wconf 80' lang='grc' dir='ltr'><em>ἀποσταλέντες2</em></span> 
     </span>
     <span class='ocr_line' id='line_1_26' title="bbox 112 2867 1167 2956; baseline -0.006 -19"><span class='ocrx_word' id='word_1_186' title='bbox 112 2874 232 2937; x_wconf 88' lang='grc' dir='ltr'><em>πεδίον</em></span> <span class='ocrx_word' id='word_1_187' title='bbox 260 2871 375 2954; x_wconf 88' lang='grc' dir='ltr'><em>ὀλίγον</em></span> <span class='ocrx_word' id='word_1_188' title='bbox 402 2867 463 2955; x_wconf 74' lang='grc' dir='ltr'><em>μέν</em></span> <span class='ocrx_word' id='word_1_189' title='bbox 491 2870 630 2956; x_wconf 78' lang='grc' dir='ltr'><em>ἐδέησαν</em></span> <span class='ocrx_word' id='word_1_190' title='bbox 658 2873 702 2949; x_wconf 81' lang='grc' dir='ltr'><em>ὡς</em></span> <span class='ocrx_word' id='word_1_191' title='bbox 729 2873 929 2938; x_wconf 90' lang='grc' dir='ltr'><em>κατάσκοποι</em></span> <span class='ocrx_word' id='word_1_192' title='bbox 956 2872 1039 2955; x_wconf 91' lang='grc' dir='ltr'><em>πρὸς</em></span> <span class='ocrx_word' id='word_1_193' title='bbox 1060 2881 1127 2938; x_wconf 81' lang='grc' dir='ltr'><em>τῶν</em></span> <span class='ocrx_word' id='word_1_194' title='bbox 1141 2889 1167 2933; x_wconf 83' lang='grc' dir='ltr'><em>ω</em></span> 
     </span>
     <span class='ocr_line' id='line_1_27' title="bbox 117 2975 1127 3064; baseline 0.001 -22"><span class='ocrx_word' id='word_1_195' title='bbox 117 2976 341 3043; x_wconf 83' lang='grc' dir='ltr'><em>Οὐολούσκων</em></span> <span class='ocrx_word' id='word_1_196' title='bbox 377 2976 596 3064; x_wconf 90' lang='grc' dir='ltr'><em>ἀναιρεθῆναι</em></span> <span class='ocrx_word' id='word_1_197' title='bbox 628 2976 864 3062; x_wconf 83' lang='grc' dir='ltr'><em>διαβληθέντες</em></span> <span class='ocrx_word' id='word_1_198' title='bbox 895 2975 960 3041; x_wconf 86' lang='grc' dir='ltr'><em>ὑπὸ</em></span> <span class='ocrx_word' id='word_1_199' title='bbox 992 2986 1060 3042; x_wconf 83' lang='grc' dir='ltr'><em>τῶν</em></span> <span class='ocrx_word' id='word_1_200' title='bbox 1092 2976 1127 3043; x_wconf 86' lang='grc' dir='ltr'><em>έκ</em></span> 
     </span>
    </p>
   </div>
   <div class='ocr_carea' id='block_1_3' title="bbox 186 3127 1127 3201">
    <p class='ocr_par' dir='ltr' id='par_1_5' title="bbox 186 3127 1127 3201">
     <span class='ocr_line' id='line_1_28' title="bbox 186 3127 1127 3201; baseline 0.001 -16"><span class='ocrx_word' id='word_1_201' title='bbox 186 3130 256 3188; x_wconf 81' lang='grc' dir='ltr'><em>1οί</em></span> <span class='ocrx_word' id='word_1_202' title='bbox 274 3133 380 3188; x_wconf 78' lang='lat' dir='ltr'><strong>add.B</strong></span> <span class='ocrx_word' id='word_1_203' title='bbox 439 3138 528 3187; x_wconf 75' lang='grc' dir='ltr'><em>ὅτου</em></span> <span class='ocrx_word' id='word_1_204' title='bbox 547 3133 653 3188; x_wconf 64' lang='lat' dir='ltr'><em>adm</em></span> <span class='ocrx_word' id='word_1_205' title='bbox 712 3127 856 3201; x_wconf 81' lang='grc' dir='ltr'><em>δ’Λνγίνη</em></span> <span class='ocrx_word' id='word_1_206' title='bbox 874 3131 922 3185; x_wconf 80' lang='lat' dir='ltr'><em>Ba</em></span> <span class='ocrx_word' id='word_1_207' title='bbox 941 3130 1078 3201; x_wconf 69' lang='grc' dir='ltr'><em>Ἀντιγένη</em></span> <span class='ocrx_word' id='word_1_208' title='bbox 1101 3133 1127 3186; x_wconf 73' lang='grc' dir='ltr'><em>Β,</em></span> 
     </span>
    </p>
   </div>
   <div class='ocr_carea' id='block_1_4' title="bbox 111 3202 1126 3416">
    <p class='ocr_par' dir='ltr' id='par_1_6' title="bbox 111 3202 1126 3416">
     <span class='ocr_line' id='line_1_29' title="bbox 114 3202 1126 3277; baseline 0.001 -19"><span class='ocrx_word' id='word_1_209' title='bbox 114 3209 149 3258; x_wconf 88' lang='grc'><em>10</em></span> <span class='ocrx_word' id='word_1_210' title='bbox 167 3204 358 3273; x_wconf 85' lang='grc' dir='ltr'><em>ὡρογραφίαις</em></span> <span class='ocrx_word' id='word_1_211' title='bbox 371 3203 396 3256; x_wconf 87' lang='grc' dir='ltr'><strong>Α</strong></span> <span class='ocrx_word' id='word_1_212' title='bbox 411 3202 674 3277; x_wconf 80' lang='grc' dir='ltr'><em>&lt;χρονο&gt;γραφίαις</em></span> <span class='ocrx_word' id='word_1_213' title='bbox 688 3204 733 3257; x_wconf 93' lang='lat' dir='ltr'><em>Bb</em></span> <span class='ocrx_word' id='word_1_214' title='bbox 785 3209 817 3256; x_wconf 75' lang='lat'><em>12</em></span> <span class='ocrx_word' id='word_1_215' title='bbox 836 3211 951 3258; x_wconf 80' lang='grc' dir='ltr'><em>τοσοῦτο</em></span> <span class='ocrx_word' id='word_1_216' title='bbox 965 3203 1012 3257; x_wconf 82' lang='lat' dir='ltr'><em>Ba</em></span> <span class='ocrx_word' id='word_1_217' title='bbox 1030 3211 1126 3259; x_wconf 85' lang='grc' dir='ltr'><em>τοσού-</em></span> 
     </span>
     <span class='ocr_line' id='line_1_30' title="bbox 112 3271 1125 3345; baseline -0.003 -16"><span class='ocrx_word' id='word_1_218' title='bbox 112 3294 162 3329; x_wconf 89' lang='grc' dir='ltr'><em>τον</em></span> <span class='ocrx_word' id='word_1_219' title='bbox 181 3274 259 3327; x_wconf 87' lang='lat' dir='ltr'><em>ABb</em></span> <span class='ocrx_word' id='word_1_220' title='bbox 284 3276 289 3344; x_wconf 94' lang='grc' dir='ltr'>Ι</span> <span class='ocrx_word' id='word_1_221' title='bbox 317 3276 409 3344; x_wconf 84' lang='grc' dir='ltr'><em>εὑρεῖν</em></span> <span class='ocrx_word' id='word_1_222' title='bbox 428 3291 450 3330; x_wconf 83' lang='grc' dir='ltr'><em>ο.</em></span> <span class='ocrx_word' id='word_1_223' title='bbox 470 3274 594 3329; x_wconf 76' lang='grc' dir='ltr'><em>Βὶηῖοωίε</em></span> <span class='ocrx_word' id='word_1_224' title='bbox 612 3275 694 3330; x_wconf 88' lang='lat' dir='ltr'><strong>Dion.</strong></span> <span class='ocrx_word' id='word_1_225' title='bbox 713 3274 773 3329; x_wconf 80' lang='lat' dir='ltr'><em>Em.</em></span> <span class='ocrx_word' id='word_1_226' title='bbox 792 3273 869 3327; x_wconf 73' lang='lat'><strong>1113</strong></span> <span class='ocrx_word' id='word_1_227' title='bbox 931 3279 964 3327; x_wconf 76' lang='lat'><em>15</em></span> <span class='ocrx_word' id='word_1_228' title='bbox 983 3271 1031 3345; x_wconf 81' lang='grc' dir='ltr'><em>ἣν]</em></span> <span class='ocrx_word' id='word_1_229' title='bbox 1051 3272 1083 3328; x_wconf 84' lang='grc' dir='ltr'><em>ὃν</em></span> <span class='ocrx_word' id='word_1_230' title='bbox 1102 3289 1125 3327; x_wconf 89' lang='lat' dir='ltr'><em>c.</em></span> 
     </span>
     <span class='ocr_line' id='line_1_31' title="bbox 111 3342 1126 3416; baseline -0.002 -18"><span class='ocrx_word' id='word_1_231' title='bbox 111 3345 217 3399; x_wconf 83' lang='lat' dir='ltr'><strong>Reiske</strong></span> <span class='ocrx_word' id='word_1_232' title='bbox 264 3350 297 3400; x_wconf 88' lang='grc'><em>16</em></span> <span class='ocrx_word' id='word_1_233' title='bbox 317 3344 372 3414; x_wconf 78' lang='grc' dir='ltr'><em>μὴν</em></span> <span class='ocrx_word' id='word_1_234' title='bbox 391 3345 455 3401; x_wconf 82' lang='lat' dir='ltr'><strong>add.</strong></span> <span class='ocrx_word' id='word_1_235' title='bbox 469 3344 516 3400; x_wconf 94' lang='lat' dir='ltr'><em>Bb</em></span> <span class='ocrx_word' id='word_1_236' title='bbox 564 3351 597 3398; x_wconf 87' lang='grc'><em>19</em></span> <span class='ocrx_word' id='word_1_237' title='bbox 616 3347 749 3400; x_wconf 89' lang='grc' dir='ltr'><em>Σικελίαν</em></span> <span class='ocrx_word' id='word_1_238' title='bbox 765 3361 787 3399; x_wconf 86' lang='grc' dir='ltr'><em>ο.</em></span> <span class='ocrx_word' id='word_1_239' title='bbox 803 3344 963 3416; x_wconf 77' lang='lat' dir='ltr'><strong>Stephanus</strong></span> <span class='ocrx_word' id='word_1_240' title='bbox 1008 3350 1042 3399; x_wconf 78' lang='lat'><em>23</em></span> <span class='ocrx_word' id='word_1_241' title='bbox 1057 3342 1126 3413; x_wconf 83' lang='grc' dir='ltr'><em>μετὰ</em></span> 
     </span>
    </p>
   </div>
   <div class='ocr_carea' id='block_1_5' title="bbox 111 3414 966 3555">
    <p class='ocr_par' dir='ltr' id='par_1_7' title="bbox 111 3414 966 3555">
     <span class='ocr_line' id='line_1_32' title="bbox 111 3414 850 3485; baseline 0.001 -14"><span class='ocrx_word' id='word_1_242' title='bbox 111 3417 144 3472; x_wconf 87' lang='grc' dir='ltr'><em>τὸ</em></span> <span class='ocrx_word' id='word_1_243' title='bbox 162 3415 250 3485; x_wconf 85' lang='grc' dir='ltr'><em>θέρος</em></span> <span class='ocrx_word' id='word_1_244' title='bbox 269 3415 292 3469; x_wconf 93' lang='grc'><strong>0</strong></span> <span class='ocrx_word' id='word_1_245' title='bbox 310 3419 423 3485; x_wconf 72' lang='grc' dir='ltr'><em>μενοῖεν</em></span> <span class='ocrx_word' id='word_1_246' title='bbox 440 3416 462 3469; x_wconf 88' lang='grc' dir='ltr'>Β</span> <span class='ocrx_word' id='word_1_247' title='bbox 481 3415 554 3471; x_wconf 83' lang='grc' dir='ltr'><em>κατὰ</em></span> <span class='ocrx_word' id='word_1_248' title='bbox 571 3414 658 3485; x_wconf 81' lang='grc' dir='ltr'><em>θέρος</em></span> <span class='ocrx_word' id='word_1_249' title='bbox 676 3433 699 3470; x_wconf 84' lang='grc' dir='ltr'><em>ο.</em></span> <span class='ocrx_word' id='word_1_250' title='bbox 719 3414 850 3472; x_wconf 81' lang='lat' dir='ltr'>Gelenius</span> 
     </span>
     <span class='ocr_line' id='line_1_33' title="bbox 929 3503 966 3555; baseline 0 -18"><span class='ocrx_word' id='word_1_251' title='bbox 929 3509 943 3555; x_wconf 83' lang='lat'>1</span> <span class='ocrx_word' id='word_1_252' title='bbox 950 3503 966 3537; x_wconf 67' lang='grc'><em>*</em></span> 
     </span>
    </p>
   </div>
   <div class='ocr_carea' id='block_1_6' title="bbox 0 0 1216 3848">
    <p class='ocr_par' dir='ltr' id='par_1_8' title="bbox 0 0 1216 3848">
     <span class='ocr_line' id='line_1_34' title="bbox 0 0 1216 3848; baseline 0 0"><span class='ocrx_word' id='word_1_253' title='bbox 0 0 1216 3848; x_wconf 95' lang='lat' dir='ltr'><em> </em></span> 
     </span>
    </p>
   </div>
  </div>
 </body>
</html>
