<?xml version="1.0" encoding="UTF-8"?>
<!DOCTYPE html PUBLIC "-//W3C//DTD XHTML 1.0 Transitional//EN"
    "http://www.w3.org/TR/xhtml1/DTD/xhtml1-transitional.dtd">
<html xmlns="http://www.w3.org/1999/xhtml" xml:lang="en" lang="en">
 <head>
  <title>
</title>
<meta http-equiv="Content-Type" content="text/html;charset=utf-8" />
  <meta name='ocr-system' content='tesseract 3.04.00' />
  <meta name='ocr-capabilities' content='ocr_page ocr_carea ocr_par ocr_line ocrx_word'/>
</head>
<body>
  <div class='ocr_page' id='page_1' title='image "./dionysihalicarn04diongoog_0114.png"; bbox 0 0 2424 3848; ppageno 0'>
   <div class='ocr_carea' id='block_1_1' title="bbox 502 199 1088 265">
    <p class='ocr_par' dir='ltr' id='par_1_1' title="bbox 502 199 1088 265">
     <span class='ocr_line' id='line_1_1' title="bbox 502 199 1088 265; baseline -0.012 6"><span class='ocrx_word' id='word_1_1' title='bbox 502 204 664 252; x_wconf 78' lang='grc' dir='ltr'><strong><em>-Ζ-</em></strong></span> <span class='ocrx_word' id='word_1_2' title='bbox 1024 199 1088 265; x_wconf 82' lang='grc'><strong><em>103</em></strong></span> 
     </span>
    </p>
   </div>
   <div class='ocr_carea' id='block_1_2' title="bbox 22 360 1138 3221">
    <p class='ocr_par' dir='ltr' id='par_1_2' title="bbox 22 360 1138 3221">
     <span class='ocr_line' id='line_1_2' title="bbox 72 360 1091 452; baseline -0.007 -17"><span class='ocrx_word' id='word_1_3' title='bbox 72 365 341 452; x_wconf 73' lang='grc' dir='ltr'><strong><em>ἀναγκασθέντες</em></strong></span> <span class='ocrx_word' id='word_1_4' title='bbox 367 365 527 449; x_wconf 76' lang='grc' dir='ltr'><strong><em>ὑποσχεῖν</em></strong></span> <span class='ocrx_word' id='word_1_5' title='bbox 554 372 614 429; x_wconf 88' lang='grc' dir='ltr'><strong><em>τοῦ</em></strong></span> <span class='ocrx_word' id='word_1_6' title='bbox 642 365 719 448; x_wconf 80' lang='grc' dir='ltr'><strong><em>βίου</em></strong></span> <span class='ocrx_word' id='word_1_7' title='bbox 746 360 801 428; x_wconf 79' lang='grc' dir='ltr'><strong><em>καί</em></strong></span> <span class='ocrx_word' id='word_1_8' title='bbox 828 371 896 428; x_wconf 77' lang='grc' dir='ltr'><strong><em>τῶν</em></strong></span> <span class='ocrx_word' id='word_1_9' title='bbox 921 362 1091 448; x_wconf 81' lang='grc' dir='ltr'><strong><em>ἐπιτηδευ-</em></strong></span> 
     </span>
     <span class='ocr_line' id='line_1_3' title="bbox 73 464 1127 560; baseline -0.002 -20"><span class='ocrx_word' id='word_1_10' title='bbox 73 475 188 560; x_wconf 92' lang='grc' dir='ltr'><strong><em>μάτων</em></strong></span> <span class='ocrx_word' id='word_1_11' title='bbox 212 474 307 549; x_wconf 91' lang='grc' dir='ltr'><strong><em>δίκας</em></strong></span> <span class='ocrx_word' id='word_1_12' title='bbox 329 472 385 548; x_wconf 89' lang='grc' dir='ltr'><strong><em>τάς</em></strong></span> <span class='ocrx_word' id='word_1_13' title='bbox 407 471 639 557; x_wconf 83' lang='grc' dir='ltr'><strong><em>προσηκούσας</em></strong></span> <span class='ocrx_word' id='word_1_14' title='bbox 662 470 793 535; x_wconf 79' lang='grc' dir='ltr'><strong><em>ἔδοσαν.</em></strong></span> <span class='ocrx_word' id='word_1_15' title='bbox 830 469 927 537; x_wconf 83' lang='grc' dir='ltr'><strong><em>ὁπότε</em></strong></span> <span class='ocrx_word' id='word_1_16' title='bbox 948 466 1009 554; x_wconf 75' lang='grc' dir='ltr'><strong><em>μὲν</em></strong></span> <span class='ocrx_word' id='word_1_17' title='bbox 1029 464 1127 538; x_wconf 72' lang='grc' dir='ltr'><strong><em>οὖνὸ</em></strong></span> 
     </span>
     <span class='ocr_line' id='line_1_4' title="bbox 72 574 1093 664; baseline -0.006 -18"><span class='ocrx_word' id='word_1_18' title='bbox 72 580 138 647; x_wconf 88' lang='grc' dir='ltr'><strong><em>ἀπὸ</em></strong></span> <span class='ocrx_word' id='word_1_19' title='bbox 162 588 223 645; x_wconf 86' lang='grc' dir='ltr'><strong><em>τοῦ</em></strong></span> <span class='ocrx_word' id='word_1_20' title='bbox 246 579 425 664; x_wconf 77' lang='grc' dir='ltr'><strong><em>κρατίστου</em></strong></span> <span class='ocrx_word' id='word_1_21' title='bbox 448 575 599 660; x_wconf 76' lang='grc' dir='ltr'><strong><em>γένοιντο</em></strong></span> <span class='ocrx_word' id='word_1_22' title='bbox 619 576 656 640; x_wconf 90' lang='grc' dir='ltr'><strong><em>αί</em></strong></span> <span class='ocrx_word' id='word_1_23' title='bbox 672 577 878 660; x_wconf 77' lang='grc' dir='ltr'><strong><em>διαγνώσεις,</em></strong></span> <span class='ocrx_word' id='word_1_24' title='bbox 900 574 956 642; x_wconf 81' lang='grc' dir='ltr'><strong><em>καὶ</em></strong></span> <span class='ocrx_word' id='word_1_25' title='bbox 974 583 1093 642; x_wconf 89' lang='grc' dir='ltr'><strong><em>καθαι-</em></strong></span> 
     </span>
     <span class='ocr_line' id='line_1_5' title="bbox 72 681 1093 774; baseline -0.003 -22"><span class='ocrx_word' id='word_1_26' title='bbox 72 688 190 774; x_wconf 86' lang='grc' dir='ltr'><strong><em>ρεθείη</em></strong></span> <span class='ocrx_word' id='word_1_27' title='bbox 219 685 258 748; x_wconf 81' lang='grc' dir='ltr'><strong><em>τά</em></strong></span> <span class='ocrx_word' id='word_1_28' title='bbox 284 694 352 750; x_wconf 83' lang='grc' dir='ltr'><strong><em>τῶν</em></strong></span> <span class='ocrx_word' id='word_1_29' title='bbox 380 684 532 769; x_wconf 79' lang='grc' dir='ltr'><strong><em>μεγάλων</em></strong></span> <span class='ocrx_word' id='word_1_30' title='bbox 554 682 725 768; x_wconf 76' lang='grc' dir='ltr'><strong><em>αὐχήματα</em></strong></span> <span class='ocrx_word' id='word_1_31' title='bbox 749 685 812 748; x_wconf 84' lang='grc' dir='ltr'><strong><em>σὺν</em></strong></span> <span class='ocrx_word' id='word_1_32' title='bbox 836 684 928 770; x_wconf 89' lang='grc' dir='ltr'><strong><em>δίκη,</em></strong></span> <span class='ocrx_word' id='word_1_33' title='bbox 955 681 1038 768; x_wconf 89' lang='grc' dir='ltr'><strong><em>μέγα</em></strong></span> <span class='ocrx_word' id='word_1_34' title='bbox 1060 707 1093 749; x_wconf 90' lang='grc' dir='ltr'><strong><em>τι</em></strong></span> 
     </span>
     <span class='ocr_line' id='line_1_6' title="bbox 72 783 1132 875; baseline -0.004 -17"><span class='ocrx_word' id='word_1_35' title='bbox 72 790 131 858; x_wconf 82' lang='grc' dir='ltr'><strong><em>καί</em></strong></span> <span class='ocrx_word' id='word_1_36' title='bbox 153 790 352 875; x_wconf 88' lang='grc' dir='ltr'><strong><em>θαυμαστὸν</em></strong></span> <span class='ocrx_word' id='word_1_37' title='bbox 375 787 528 875; x_wconf 80' lang='grc' dir='ltr'><strong><em>ἐφαίνετο</em></strong></span> <span class='ocrx_word' id='word_1_38' title='bbox 551 783 638 853; x_wconf 88' lang='grc' dir='ltr'><strong><em>είναι</em></strong></span> <span class='ocrx_word' id='word_1_39' title='bbox 660 796 770 875; x_wconf 75' lang='grc' dir='ltr'><strong><em>χρῆμα</em></strong></span> <span class='ocrx_word' id='word_1_40' title='bbox 792 790 847 854; x_wconf 80' lang='grc' dir='ltr'><strong><em>καί</em></strong></span> <span class='ocrx_word' id='word_1_41' title='bbox 869 789 935 855; x_wconf 80' lang='grc' dir='ltr'><strong><em>ὑπὸ</em></strong></span> <span class='ocrx_word' id='word_1_42' title='bbox 958 789 1092 856; x_wconf 89' lang='grc' dir='ltr'><strong><em>πάντων</em></strong></span> <span class='ocrx_word' id='word_1_43' title='bbox 1119 813 1132 854; x_wconf 82' lang='grc' dir='ltr'><strong><em>ε</em></strong></span> 
     </span>
     <span class='ocr_line' id='line_1_7' title="bbox 22 892 1093 986; baseline -0.004 -21"><span class='ocrx_word' id='word_1_44' title='bbox 22 898 242 986; x_wconf 78' lang='grc' dir='ltr'><strong><em>ιεοέπηνεῖτο,</em></strong></span> <span class='ocrx_word' id='word_1_45' title='bbox 265 896 362 964; x_wconf 84' lang='grc' dir='ltr'><strong><em>ὁπότε</em></strong></span> <span class='ocrx_word' id='word_1_46' title='bbox 386 892 416 960; x_wconf 89' lang='grc' dir='ltr'><strong><em>δ’</em></strong></span> <span class='ocrx_word' id='word_1_47' title='bbox 439 894 537 982; x_wconf 86' lang='grc' dir='ltr'><strong><em>ἀρετή</em></strong></span> <span class='ocrx_word' id='word_1_48' title='bbox 557 901 775 981; x_wconf 87' lang='grc' dir='ltr'><strong><em>Ιφθονηθεῖσα</em></strong></span> <span class='ocrx_word' id='word_1_49' title='bbox 798 895 920 983; x_wconf 88' lang='grc' dir='ltr'><strong><em>ἀνδρὸς</em></strong></span> <span class='ocrx_word' id='word_1_50' title='bbox 937 897 978 961; x_wconf 84' lang='grc' dir='ltr'><strong><em>τά</em></strong></span> <span class='ocrx_word' id='word_1_51' title='bbox 996 897 1093 962; x_wconf 85' lang='grc' dir='ltr'><strong><em>κοινὰ</em></strong></span> 
     </span>
     <span class='ocr_line' id='line_1_8' title="bbox 72 1000 1094 1088; baseline -0.004 -17"><span class='ocrx_word' id='word_1_52' title='bbox 72 1000 112 1071; x_wconf 84' lang='grc' dir='ltr'><strong><em>εὖ</em></strong></span> <span class='ocrx_word' id='word_1_53' title='bbox 133 1006 341 1079; x_wconf 85' lang='grc' dir='ltr'><strong><em>διοικοῦντος</em></strong></span> <span class='ocrx_word' id='word_1_54' title='bbox 360 1001 482 1079; x_wconf 90' lang='grc' dir='ltr'><strong><em>ἀδίκως</em></strong></span> <span class='ocrx_word' id='word_1_55' title='bbox 500 1001 706 1088; x_wconf 88' lang='grc' dir='ltr'><strong><em>ἀναιρεθείη,</em></strong></span> <span class='ocrx_word' id='word_1_56' title='bbox 725 1004 838 1069; x_wconf 89' lang='grc' dir='ltr'><strong><em>δεινόν</em></strong></span> <span class='ocrx_word' id='word_1_57' title='bbox 854 1026 885 1067; x_wconf 88' lang='grc' dir='ltr'><strong><em>τι</em></strong></span> <span class='ocrx_word' id='word_1_58' title='bbox 897 1012 967 1079; x_wconf 89' lang='grc' dir='ltr'><strong><em>τοῖς</em></strong></span> <span class='ocrx_word' id='word_1_59' title='bbox 980 1003 1094 1080; x_wconf 85' lang='grc' dir='ltr'><strong><em>ἀλλοις</em></strong></span> 
     </span>
     <span class='ocr_line' id='line_1_9' title="bbox 71 1105 1092 1195; baseline -0.004 -18"><span class='ocrx_word' id='word_1_60' title='bbox 71 1113 303 1195; x_wconf 87' lang='grc' dir='ltr'><strong><em>κατεφαίνετο,</em></strong></span> <span class='ocrx_word' id='word_1_61' title='bbox 324 1105 380 1174; x_wconf 81' lang='grc' dir='ltr'><strong><em>καί</em></strong></span> <span class='ocrx_word' id='word_1_62' title='bbox 403 1108 439 1174; x_wconf 86' lang='grc' dir='ltr'><strong><em>οί</em></strong></span> <span class='ocrx_word' id='word_1_63' title='bbox 458 1118 519 1175; x_wconf 88' lang='grc' dir='ltr'><strong><em>τοῦ</em></strong></span> <span class='ocrx_word' id='word_1_64' title='bbox 541 1111 643 1187; x_wconf 79' lang='grc' dir='ltr'><strong><em>ἔθους</em></strong></span> <span class='ocrx_word' id='word_1_65' title='bbox 666 1107 821 1194; x_wconf 76' lang='grc' dir='ltr'><strong><em>ἄρξαντες</em></strong></span> <span class='ocrx_word' id='word_1_66' title='bbox 838 1117 1092 1194; x_wconf 79' lang='grc' dir='ltr'><strong><em>κατηγοροῦντο.</em></strong></span> 
     </span>
     <span class='ocr_line' id='line_1_10' title="bbox 71 1213 1093 1301; baseline -0.004 -18"><span class='ocrx_word' id='word_1_67' title='bbox 71 1217 236 1292; x_wconf 77' lang='grc' dir='ltr'><strong><em>πολλάκις</em></strong></span> <span class='ocrx_word' id='word_1_68' title='bbox 264 1237 299 1280; x_wconf 88' lang='grc' dir='ltr'><strong><em>τε</em></strong></span> <span class='ocrx_word' id='word_1_69' title='bbox 328 1215 591 1299; x_wconf 81' lang='grc' dir='ltr'><strong><em>βουλευσάμενοι</em></strong></span> <span class='ocrx_word' id='word_1_70' title='bbox 621 1216 658 1281; x_wconf 90' lang='grc' dir='ltr'><strong><em>οί</em></strong></span> <span class='ocrx_word' id='word_1_71' title='bbox 678 1213 848 1300; x_wconf 87' lang='grc' dir='ltr'><strong><em>Ῥωμαῖοι,</em></strong></span> <span class='ocrx_word' id='word_1_72' title='bbox 879 1218 1001 1301; x_wconf 90' lang='grc' dir='ltr'><strong><em>πότερα</em></strong></span> <span class='ocrx_word' id='word_1_73' title='bbox 1030 1216 1093 1301; x_wconf 85' lang='grc' dir='ltr'><strong><em>χρή</em></strong></span> 
     </span>
     <span class='ocr_line' id='line_1_11' title="bbox 72 1313 1134 1407; baseline -0.002 -18"><span class='ocrx_word' id='word_1_74' title='bbox 72 1327 258 1389; x_wconf 82' lang='grc' dir='ltr'><strong><em>καταλῦσαι</em></strong></span> <span class='ocrx_word' id='word_1_75' title='bbox 282 1320 362 1386; x_wconf 83' lang='grc' dir='ltr'><strong><em>αὐτὸ</em></strong></span> <span class='ocrx_word' id='word_1_76' title='bbox 382 1319 401 1404; x_wconf 80' lang='grc' dir='ltr'><strong><em>ή</em></strong></span> <span class='ocrx_word' id='word_1_77' title='bbox 419 1321 610 1406; x_wconf 85' lang='grc' dir='ltr'><strong><em>φυλάττειν,</em></strong></span> <span class='ocrx_word' id='word_1_78' title='bbox 632 1313 705 1388; x_wconf 81' lang='grc' dir='ltr'><strong><em>οἷον</em></strong></span> <span class='ocrx_word' id='word_1_79' title='bbox 724 1322 813 1406; x_wconf 85' lang='grc' dir='ltr'><strong><em>παρὰ</em></strong></span> <span class='ocrx_word' id='word_1_80' title='bbox 831 1332 897 1387; x_wconf 80' lang='grc' dir='ltr'><strong><em>τῶν</em></strong></span> <span class='ocrx_word' id='word_1_81' title='bbox 915 1324 1093 1407; x_wconf 91' lang='grc' dir='ltr'><strong><em>προγόνων</em></strong></span> <span class='ocrx_word' id='word_1_82' title='bbox 1108 1348 1134 1387; x_wconf 85' lang='grc' dir='ltr'><strong><em>ιο</em></strong></span> 
     </span>
     <span class='ocr_line' id='line_1_12' title="bbox 72 1422 1130 1515; baseline -0.003 -20"><span class='ocrx_word' id='word_1_83' title='bbox 72 1427 285 1515; x_wconf 79' lang='grc' dir='ltr'><strong><em>παρέλαβον,</em></strong></span> <span class='ocrx_word' id='word_1_84' title='bbox 317 1422 422 1492; x_wconf 74' lang='grc' dir='ltr'><strong><em>οὐθέν</em></strong></span> <span class='ocrx_word' id='word_1_85' title='bbox 450 1425 618 1512; x_wconf 80' lang='grc' dir='ltr'><strong><em>ἐπέθηκαν</em></strong></span> <span class='ocrx_word' id='word_1_86' title='bbox 644 1436 683 1514; x_wconf 74' lang='grc' dir='ltr'><strong><em>τῇ</em></strong></span> <span class='ocrx_word' id='word_1_87' title='bbox 711 1432 817 1514; x_wconf 79' lang='grc' dir='ltr'><strong><em>βουλή</em></strong></span> <span class='ocrx_word' id='word_1_88' title='bbox 844 1426 954 1515; x_wconf 91' lang='grc' dir='ltr'><strong><em>πέρας.</em></strong></span> <span class='ocrx_word' id='word_1_89' title='bbox 999 1429 1032 1493; x_wconf 88' lang='grc' dir='ltr'><strong><em>εί</em></strong></span> <span class='ocrx_word' id='word_1_90' title='bbox 1056 1424 1130 1493; x_wconf 70' lang='grc' dir='ltr'><strong><em>δὲ4</em></strong></span> 
     </span>
     <span class='ocr_line' id='line_1_13' title="bbox 75 1532 1095 1621; baseline -0.002 -19"><span class='ocrx_word' id='word_1_91' title='bbox 75 1537 134 1602; x_wconf 88' lang='grc' dir='ltr'><strong><em>δεῖ</em></strong></span> <span class='ocrx_word' id='word_1_92' title='bbox 156 1535 212 1599; x_wconf 81' lang='grc' dir='ltr'><strong><em>καί</em></strong></span> <span class='ocrx_word' id='word_1_93' title='bbox 235 1532 338 1599; x_wconf 86' lang='grc' dir='ltr'><strong><em>αὐτὸν</em></strong></span> <span class='ocrx_word' id='word_1_94' title='bbox 361 1532 600 1618; x_wconf 77' lang='grc' dir='ltr'><strong><em>ἀποφήνασθαι</em></strong></span> <span class='ocrx_word' id='word_1_95' title='bbox 621 1532 697 1621; x_wconf 81' lang='grc' dir='ltr'><strong><em>περὶ</em></strong></span> <span class='ocrx_word' id='word_1_96' title='bbox 720 1536 923 1619; x_wconf 78' lang='grc' dir='ltr'><strong><em>τηλικούτων</em></strong></span> <span class='ocrx_word' id='word_1_97' title='bbox 946 1535 1095 1620; x_wconf 91' lang='grc' dir='ltr'><strong><em>πραγμά-</em></strong></span> 
     </span>
     <span class='ocr_line' id='line_1_14' title="bbox 76 1637 1094 1725; baseline 0 -19"><span class='ocrx_word' id='word_1_98' title='bbox 76 1664 149 1706; x_wconf 90' lang='grc' dir='ltr'><strong><em>των</em></strong></span> <span class='ocrx_word' id='word_1_99' title='bbox 172 1640 321 1724; x_wconf 79' lang='grc' dir='ltr'><strong><em>γνώμην,</em></strong></span> <span class='ocrx_word' id='word_1_100' title='bbox 344 1637 418 1723; x_wconf 80' lang='grc' dir='ltr'><strong><em>ἐμοὶ</em></strong></span> <span class='ocrx_word' id='word_1_101' title='bbox 441 1641 536 1705; x_wconf 88' lang='grc' dir='ltr'><strong><em>δοκεῖ</em></strong></span> <span class='ocrx_word' id='word_1_102' title='bbox 555 1642 593 1706; x_wconf 88' lang='grc' dir='ltr'><strong><em>τὸ</em></strong></span> <span class='ocrx_word' id='word_1_103' title='bbox 616 1637 678 1725; x_wconf 72' lang='grc' dir='ltr'><strong><em>μέν</em></strong></span> <span class='ocrx_word' id='word_1_104' title='bbox 700 1644 780 1718; x_wconf 78' lang='grc' dir='ltr'><strong><em>ἔθος</em></strong></span> <span class='ocrx_word' id='word_1_105' title='bbox 802 1640 883 1707; x_wconf 85' lang='grc' dir='ltr'><strong><em>αὐτὸ</em></strong></span> <span class='ocrx_word' id='word_1_106' title='bbox 901 1637 978 1707; x_wconf 88' lang='grc' dir='ltr'><strong><em>καθ’</em></strong></span> <span class='ocrx_word' id='word_1_107' title='bbox 997 1639 1094 1707; x_wconf 86' lang='grc' dir='ltr'><strong><em>έαυτὸ</em></strong></span> 
     </span>
     <span class='ocr_line' id='line_1_15' title="bbox 75 1742 1095 1834; baseline 0.003 -23"><span class='ocrx_word' id='word_1_108' title='bbox 75 1745 311 1829; x_wconf 77' lang='grc' dir='ltr'><strong><em>ἐξεταζόμενον</em></strong></span> <span class='ocrx_word' id='word_1_109' title='bbox 341 1746 505 1830; x_wconf 87' lang='grc' dir='ltr'><strong><em>χρήσιμον</em></strong></span> <span class='ocrx_word' id='word_1_110' title='bbox 536 1742 623 1812; x_wconf 78' lang='grc' dir='ltr'><strong><em>εἶναι</em></strong></span> <span class='ocrx_word' id='word_1_111' title='bbox 654 1744 710 1812; x_wconf 80' lang='grc' dir='ltr'><strong><em>καὶ</em></strong></span> <span class='ocrx_word' id='word_1_112' title='bbox 738 1750 833 1812; x_wconf 89' lang='grc' dir='ltr'><strong><em>πόλει</em></strong></span> <span class='ocrx_word' id='word_1_113' title='bbox 862 1757 901 1834; x_wconf 77' lang='grc' dir='ltr'><strong><em>τῇ</em></strong></span> <span class='ocrx_word' id='word_1_114' title='bbox 926 1746 1095 1832; x_wconf 87' lang='grc' dir='ltr'><strong><em>Ῥωμαίων</em></strong></span> 
     </span>
     <span class='ocr_line' id='line_1_16' title="bbox 75 1849 1136 1939; baseline 0.002 -22"><span class='ocrx_word' id='word_1_115' title='bbox 75 1850 357 1934; x_wconf 88' lang='grc' dir='ltr'><strong><em>ἀναγκαιότατον,</em></strong></span> <span class='ocrx_word' id='word_1_116' title='bbox 383 1861 533 1936; x_wconf 86' lang='grc' dir='ltr'><strong><em>κρεῖττον</em></strong></span> <span class='ocrx_word' id='word_1_117' title='bbox 558 1849 595 1917; x_wconf 75' lang='grc' dir='ltr'><strong><em>δέ</em></strong></span> <span class='ocrx_word' id='word_1_118' title='bbox 617 1851 673 1918; x_wconf 82' lang='grc' dir='ltr'><strong><em>καί</em></strong></span> <span class='ocrx_word' id='word_1_119' title='bbox 695 1865 807 1939; x_wconf 90' lang='grc' dir='ltr'><strong><em>χεῖρον</em></strong></span> <span class='ocrx_word' id='word_1_120' title='bbox 830 1857 985 1937; x_wconf 87' lang='grc' dir='ltr'><strong><em>γίνεσθαι</em></strong></span> <span class='ocrx_word' id='word_1_121' title='bbox 1006 1855 1095 1939; x_wconf 87' lang='grc' dir='ltr'><strong><em>παρά</em></strong></span> <span class='ocrx_word' id='word_1_122' title='bbox 1110 1877 1136 1920; x_wconf 83' lang='grc' dir='ltr'><strong><em>ιε</em></strong></span> 
     </span>
     <span class='ocr_line' id='line_1_17' title="bbox 73 1956 1095 2045; baseline 0 -21"><span class='ocrx_word' id='word_1_123' title='bbox 73 1959 158 2035; x_wconf 85' lang='grc' dir='ltr'><strong><em>τοὺς</em></strong></span> <span class='ocrx_word' id='word_1_124' title='bbox 185 1967 254 2022; x_wconf 77' lang='grc' dir='ltr'><strong><em>τῶν</em></strong></span> <span class='ocrx_word' id='word_1_125' title='bbox 281 1957 461 2044; x_wconf 85' lang='grc' dir='ltr'><strong><em>δημάρχων</em></strong></span> <span class='ocrx_word' id='word_1_126' title='bbox 487 1962 639 2044; x_wconf 89' lang='grc' dir='ltr'><strong><em>τρόπους.</em></strong></span> <span class='ocrx_word' id='word_1_127' title='bbox 685 1959 765 2025; x_wconf 83' lang='grc' dir='ltr'><strong><em>ὅταν</em></strong></span> <span class='ocrx_word' id='word_1_128' title='bbox 793 1956 854 2044; x_wconf 76' lang='grc' dir='ltr'><strong><em>μέν</em></strong></span> <span class='ocrx_word' id='word_1_129' title='bbox 882 1960 945 2044; x_wconf 82' lang='grc' dir='ltr'><strong><em>γάρ</em></strong></span> <span class='ocrx_word' id='word_1_130' title='bbox 972 1961 1095 2045; x_wconf 89' lang='grc' dir='ltr'><strong><em>τύχωσι</em></strong></span> 
     </span>
     <span class='ocr_line' id='line_1_18' title="bbox 73 2061 1096 2151; baseline 0.001 -21"><span class='ocrx_word' id='word_1_131' title='bbox 73 2071 136 2147; x_wconf 80' lang='grc' dir='ltr'><strong><em>τῆς</em></strong></span> <span class='ocrx_word' id='word_1_132' title='bbox 164 2061 313 2140; x_wconf 76' lang='grc' dir='ltr'><strong><em>ἐξουσίας</em></strong></span> <span class='ocrx_word' id='word_1_133' title='bbox 337 2064 456 2147; x_wconf 85' lang='grc' dir='ltr'><strong><em>ταύτης</em></strong></span> <span class='ocrx_word' id='word_1_134' title='bbox 478 2066 599 2150; x_wconf 87' lang='grc' dir='ltr'><strong><em>ἀνδρες</em></strong></span> <span class='ocrx_word' id='word_1_135' title='bbox 623 2068 745 2131; x_wconf 90' lang='grc' dir='ltr'><strong><em>δίκαιοι</em></strong></span> <span class='ocrx_word' id='word_1_136' title='bbox 768 2064 824 2131; x_wconf 79' lang='grc' dir='ltr'><strong><em>καὶ</em></strong></span> <span class='ocrx_word' id='word_1_137' title='bbox 847 2068 1018 2151; x_wconf 81' lang='grc' dir='ltr'><strong><em>σώφρονες</em></strong></span> <span class='ocrx_word' id='word_1_138' title='bbox 1040 2063 1096 2130; x_wconf 82' lang='grc' dir='ltr'><strong><em>καί</em></strong></span> 
     </span>
     <span class='ocr_line' id='line_1_19' title="bbox 73 2167 1096 2257; baseline 0.001 -21"><span class='ocrx_word' id='word_1_139' title='bbox 73 2170 119 2236; x_wconf 79' lang='grc' dir='ltr'><strong><em>τά</em></strong></span> <span class='ocrx_word' id='word_1_140' title='bbox 151 2168 248 2234; x_wconf 79' lang='grc' dir='ltr'><strong><em>κοινά</em></strong></span> <span class='ocrx_word' id='word_1_141' title='bbox 277 2167 517 2257; x_wconf 88' lang='grc' dir='ltr'><strong><em>ἀναγκαιότερα</em></strong></span> <span class='ocrx_word' id='word_1_142' title='bbox 545 2183 613 2238; x_wconf 81' lang='grc' dir='ltr'><strong><em>τῶν</em></strong></span> <span class='ocrx_word' id='word_1_143' title='bbox 644 2174 741 2237; x_wconf 92' lang='grc' dir='ltr'><strong><em>ίδίων</em></strong></span> <span class='ocrx_word' id='word_1_144' title='bbox 769 2170 955 2256; x_wconf 87' lang='grc' dir='ltr'><strong><em>τιθέμενοι,</em></strong></span> <span class='ocrx_word' id='word_1_145' title='bbox 987 2172 1004 2238; x_wconf 89' lang='grc' dir='ltr'>ὁ</span> <span class='ocrx_word' id='word_1_146' title='bbox 1035 2167 1096 2257; x_wconf 73' lang='grc' dir='ltr'><strong><em>μέν</em></strong></span> 
     </span>
     <span class='ocr_line' id='line_1_20' title="bbox 75 2275 1096 2365; baseline 0.002 -24"><span class='ocrx_word' id='word_1_147' title='bbox 75 2275 205 2342; x_wconf 77' lang='grc' dir='ltr'><strong><em>ἀδικῶν</em></strong></span> <span class='ocrx_word' id='word_1_148' title='bbox 234 2275 274 2339; x_wconf 85' lang='grc' dir='ltr'><strong><em>τὰ</em></strong></span> <span class='ocrx_word' id='word_1_149' title='bbox 303 2276 400 2340; x_wconf 87' lang='grc' dir='ltr'><strong><em>κοινά</em></strong></span> <span class='ocrx_word' id='word_1_150' title='bbox 430 2281 591 2363; x_wconf 81' lang='grc' dir='ltr'><strong><em>τιμωρίαν</em></strong></span> <span class='ocrx_word' id='word_1_151' title='bbox 622 2280 718 2363; x_wconf 86' lang='grc' dir='ltr'><strong><em>δούς,</em></strong></span> <span class='ocrx_word' id='word_1_152' title='bbox 749 2278 791 2362; x_wconf 81' lang='grc' dir='ltr'><strong><em>ἣν</em></strong></span> <span class='ocrx_word' id='word_1_153' title='bbox 818 2287 979 2365; x_wconf 84' lang='grc' dir='ltr'><strong><em>προσῆκε,</em></strong></span> <span class='ocrx_word' id='word_1_154' title='bbox 1010 2281 1096 2345; x_wconf 82' lang='grc' dir='ltr'><strong><em>πολὺ</em></strong></span> 
     </span>
     <span class='ocr_line' id='line_1_21' title="bbox 77 2381 1137 2470; baseline 0.006 -22"><span class='ocrx_word' id='word_1_155' title='bbox 77 2381 157 2458; x_wconf 90' lang='grc' dir='ltr'><strong><em>δέος</em></strong></span> <span class='ocrx_word' id='word_1_156' title='bbox 185 2390 255 2458; x_wconf 88' lang='grc' dir='ltr'><strong><em>τοῖς</em></strong></span> <span class='ocrx_word' id='word_1_157' title='bbox 284 2381 383 2465; x_wconf 81' lang='grc' dir='ltr'><strong><em>ὅμοια</em></strong></span> <span class='ocrx_word' id='word_1_158' title='bbox 411 2383 733 2470; x_wconf 84' lang='grc' dir='ltr'><strong><em>παρεσκευασμένοις</em></strong></span> <span class='ocrx_word' id='word_1_159' title='bbox 760 2386 845 2469; x_wconf 87' lang='grc' dir='ltr'><strong><em>δρᾶν</em></strong></span> <span class='ocrx_word' id='word_1_160' title='bbox 872 2383 1097 2470; x_wconf 76' lang='grc' dir='ltr'><strong><em>ἐνειργάσατο,</em></strong></span> <span class='ocrx_word' id='word_1_161' title='bbox 1110 2413 1137 2454; x_wconf 82' lang='grc' dir='ltr'><strong><em>ιο</em></strong></span> 
     </span>
     <span class='ocr_line' id='line_1_22' title="bbox 77 2483 1097 2578; baseline -0.002 -21"><span class='ocrx_word' id='word_1_162' title='bbox 77 2490 99 2557; x_wconf 84' lang='grc' dir='ltr'>ὁ</span> <span class='ocrx_word' id='word_1_163' title='bbox 130 2483 161 2552; x_wconf 90' lang='grc' dir='ltr'><strong><em>δ’</em></strong></span> <span class='ocrx_word' id='word_1_164' title='bbox 191 2485 319 2570; x_wconf 87' lang='grc' dir='ltr'><strong><em>ἀγαθὸς</em></strong></span> <span class='ocrx_word' id='word_1_165' title='bbox 347 2486 403 2553; x_wconf 82' lang='grc' dir='ltr'><strong><em>καί</em></strong></span> <span class='ocrx_word' id='word_1_166' title='bbox 432 2487 496 2556; x_wconf 87' lang='grc' dir='ltr'><strong><em>ἀπὸ</em></strong></span> <span class='ocrx_word' id='word_1_167' title='bbox 525 2501 586 2557; x_wconf 84' lang='grc' dir='ltr'><strong><em>τοῦ</em></strong></span> <span class='ocrx_word' id='word_1_168' title='bbox 615 2495 791 2578; x_wconf 87' lang='grc' dir='ltr'><strong><em>κρατίστου</em></strong></span> <span class='ocrx_word' id='word_1_169' title='bbox 820 2493 904 2578; x_wconf 88' lang='grc' dir='ltr'><strong><em>πρὸς</em></strong></span> <span class='ocrx_word' id='word_1_170' title='bbox 931 2491 972 2557; x_wconf 83' lang='grc' dir='ltr'><strong><em>τά</em></strong></span> <span class='ocrx_word' id='word_1_171' title='bbox 1001 2492 1097 2557; x_wconf 86' lang='grc' dir='ltr'><strong><em>κοινά</em></strong></span> 
     </span>
     <span class='ocr_line' id='line_1_23' title="bbox 76 2593 1098 2683; baseline -0.001 -21"><span class='ocrx_word' id='word_1_172' title='bbox 76 2593 212 2680; x_wconf 84' lang='grc' dir='ltr'><strong><em>παριὼν</em></strong></span> <span class='ocrx_word' id='word_1_173' title='bbox 240 2593 316 2659; x_wconf 80' lang='grc' dir='ltr'><strong><em>οὔτε</em></strong></span> <span class='ocrx_word' id='word_1_174' title='bbox 344 2595 443 2680; x_wconf 90' lang='grc' dir='ltr'><strong><em>δίκην</em></strong></span> <span class='ocrx_word' id='word_1_175' title='bbox 471 2596 641 2683; x_wconf 76' lang='grc' dir='ltr'><strong><em>ἀσχήμονα</em></strong></span> <span class='ocrx_word' id='word_1_176' title='bbox 663 2596 805 2683; x_wconf 85' lang='grc' dir='ltr'><strong><em>ὑπέσχεν</em></strong></span> <span class='ocrx_word' id='word_1_177' title='bbox 828 2594 897 2662; x_wconf 77' lang='grc' dir='ltr'><strong><em>οὔτ’</em></strong></span> <span class='ocrx_word' id='word_1_178' title='bbox 923 2598 970 2673; x_wconf 90' lang='grc' dir='ltr'><strong><em>είς</em></strong></span> <span class='ocrx_word' id='word_1_179' title='bbox 992 2599 1098 2673; x_wconf 90' lang='grc' dir='ltr'><strong><em>αίτίας</em></strong></span> 
     </span>
     <span class='ocr_line' id='line_1_24' title="bbox 78 2697 1133 2790; baseline 0.002 -23"><span class='ocrx_word' id='word_1_180' title='bbox 78 2701 278 2785; x_wconf 88' lang='grc' dir='ltr'><strong><em>ἀλλοτρίους</em></strong></span> <span class='ocrx_word' id='word_1_181' title='bbox 299 2710 367 2765; x_wconf 82' lang='grc' dir='ltr'><strong><em>τῶν</em></strong></span> <span class='ocrx_word' id='word_1_182' title='bbox 390 2701 659 2790; x_wconf 76' lang='grc' dir='ltr'><strong><em>ἐπιτηδευμάτων</em></strong></span> <span class='ocrx_word' id='word_1_183' title='bbox 681 2702 829 2788; x_wconf 88' lang='grc' dir='ltr'><strong><em>κατέστη.</em></strong></span> <span class='ocrx_word' id='word_1_184' title='bbox 875 2702 955 2767; x_wconf 84' lang='grc' dir='ltr'><strong><em>ὅταν</em></strong></span> <span class='ocrx_word' id='word_1_185' title='bbox 978 2697 1015 2767; x_wconf 78' lang='grc' dir='ltr'><strong><em>δέ</em></strong></span> <span class='ocrx_word' id='word_1_186' title='bbox 1038 2703 1133 2769; x_wconf 62' lang='lat' dir='ltr'><em>rto-5</em></span> 
     </span>
     <span class='ocr_line' id='line_1_25' title="bbox 22 2801 1098 2897; baseline 0 -25"><span class='ocrx_word' id='word_1_187' title='bbox 22 2803 179 2893; x_wconf 69' lang='lat' dir='ltr'><strong><em>470vv1902</em></strong></span> <span class='ocrx_word' id='word_1_188' title='bbox 206 2801 261 2869; x_wconf 82' lang='grc' dir='ltr'><strong><em>καλ</em></strong></span> <span class='ocrx_word' id='word_1_189' title='bbox 289 2804 465 2875; x_wconf 91' lang='grc' dir='ltr'><strong><em>ἀκόλαστοι</em></strong></span> <span class='ocrx_word' id='word_1_190' title='bbox 492 2808 548 2876; x_wconf 82' lang='grc' dir='ltr'><strong><em>καί</em></strong></span> <span class='ocrx_word' id='word_1_191' title='bbox 574 2812 783 2897; x_wconf 82' lang='grc' dir='ltr'><strong><em>φιλοκερδεῖς</em></strong></span> <span class='ocrx_word' id='word_1_192' title='bbox 809 2811 984 2893; x_wconf 86' lang='grc' dir='ltr'><strong><em>άνθρωποι</em></strong></span> <span class='ocrx_word' id='word_1_193' title='bbox 1008 2813 1098 2892; x_wconf 90' lang='grc' dir='ltr'><strong><em>τηλι-</em></strong></span> 
     </span>
     <span class='ocr_line' id='line_1_26' title="bbox 78 2909 1138 3002; baseline 0.002 -20"><span class='ocrx_word' id='word_1_194' title='bbox 78 2915 204 2997; x_wconf 85' lang='grc' dir='ltr'><strong><em>καύτης</em></strong></span> <span class='ocrx_word' id='word_1_195' title='bbox 221 2909 371 2990; x_wconf 81' lang='grc' dir='ltr'><strong><em>ἐξουσίας</em></strong></span> <span class='ocrx_word' id='word_1_196' title='bbox 384 2916 519 3002; x_wconf 84' lang='grc' dir='ltr'><strong><em>τύχωσι,</em></strong></span> <span class='ocrx_word' id='word_1_197' title='bbox 537 2916 695 2983; x_wconf 87' lang='grc' dir='ltr'><strong><em>τάναντία</em></strong></span> <span class='ocrx_word' id='word_1_198' title='bbox 706 2916 836 2983; x_wconf 86' lang='grc' dir='ltr'><strong><em>τούτων</em></strong></span> <span class='ocrx_word' id='word_1_199' title='bbox 849 2917 985 3000; x_wconf 89' lang='grc' dir='ltr'><strong><em>γίνεται.</em></strong></span> <span class='ocrx_word' id='word_1_200' title='bbox 1017 2910 1092 2980; x_wconf 79' lang='grc' dir='ltr'><strong><em>ὥστ’</em></strong></span> <span class='ocrx_word' id='word_1_201' title='bbox 1111 2941 1138 2984; x_wconf 72' lang='grc' dir='ltr'><strong><em>τι</em></strong></span> 
     </span>
     <span class='ocr_line' id='line_1_27' title="bbox 79 3016 1098 3110; baseline -0.002 -23"><span class='ocrx_word' id='word_1_202' title='bbox 79 3024 122 3099; x_wconf 73' lang='grc' dir='ltr'><strong><em>οὐ</em></strong></span> <span class='ocrx_word' id='word_1_203' title='bbox 144 3022 183 3086; x_wconf 88' lang='grc' dir='ltr'><strong><em>τὸ</em></strong></span> <span class='ocrx_word' id='word_1_204' title='bbox 206 3021 287 3094; x_wconf 72' lang='grc' dir='ltr'><strong><em>ἔθος</em></strong></span> <span class='ocrx_word' id='word_1_205' title='bbox 308 3016 582 3109; x_wconf 79' lang='grc' dir='ltr'><strong><em>ἐπανορθοῦσθαι</em></strong></span> <span class='ocrx_word' id='word_1_206' title='bbox 605 3033 771 3110; x_wconf 76' lang='grc' dir='ltr'><strong><em>προσῆκεν</em></strong></span> <span class='ocrx_word' id='word_1_207' title='bbox 789 3023 833 3100; x_wconf 79' lang='grc' dir='ltr'><strong><em>ὡς</em></strong></span> <span class='ocrx_word' id='word_1_208' title='bbox 854 3017 1098 3106; x_wconf 78' lang='grc' dir='ltr'><strong><em>ἡμαρτημένου,</em></strong></span> 
     </span>
     <span class='ocr_line' id='line_1_28' title="bbox 80 3124 1098 3221; baseline -0.011 -19"><span class='ocrx_word' id='word_1_209' title='bbox 80 3136 167 3204; x_wconf 88' lang='grc' dir='ltr'><strong><em>ἀλλά</em></strong></span> <span class='ocrx_word' id='word_1_210' title='bbox 190 3149 339 3221; x_wconf 86' lang='grc' dir='ltr'><strong><em>σκοπεῖν,</em></strong></span> <span class='ocrx_word' id='word_1_211' title='bbox 363 3129 452 3208; x_wconf 82' lang='grc' dir='ltr'><strong><em>ὅπως</em></strong></span> <span class='ocrx_word' id='word_1_212' title='bbox 474 3132 594 3217; x_wconf 85' lang='grc' dir='ltr'><strong><em>ἀνδρες</em></strong></span> <span class='ocrx_word' id='word_1_213' title='bbox 616 3128 712 3198; x_wconf 81' lang='grc' dir='ltr'><strong><em>καλοί</em></strong></span> <span class='ocrx_word' id='word_1_214' title='bbox 733 3127 789 3195; x_wconf 82' lang='grc' dir='ltr'><strong><em>καὶ</em></strong></span> <span class='ocrx_word' id='word_1_215' title='bbox 812 3124 935 3213; x_wconf 82' lang='grc' dir='ltr'><strong><em>ἀγαθοὶ</em></strong></span> <span class='ocrx_word' id='word_1_216' title='bbox 957 3137 1018 3194; x_wconf 84' lang='grc' dir='ltr'><strong><em>τοῦ</em></strong></span> <span class='ocrx_word' id='word_1_217' title='bbox 1041 3129 1098 3210; x_wconf 84' lang='grc' dir='ltr'><strong><em>δή·</em></strong></span> 
     </span>
    </p>
   </div>
   <div class='ocr_carea' id='block_1_3' title="bbox 153 3315 1096 3447">
    <p class='ocr_par' dir='ltr' id='par_1_3' title="bbox 153 3315 1096 3447">
     <span class='ocr_line' id='line_1_29' title="bbox 153 3315 1096 3447; baseline -0.015 -61"><span class='ocrx_word' id='word_1_218' title='bbox 153 3337 170 3385; x_wconf 84' lang='grc'>9</span> <span class='ocrx_word' id='word_1_219' title='bbox 192 3327 222 3385; x_wconf 86' lang='grc' dir='ltr'><strong><em>οί</em></strong></span> <span class='ocrx_word' id='word_1_220' title='bbox 237 3345 291 3386; x_wconf 88' lang='lat' dir='ltr'><strong><em>om.</em></strong></span> <span class='ocrx_word' id='word_1_221' title='bbox 312 3328 334 3384; x_wconf 93' lang='grc' dir='ltr'>Ο</span> <span class='ocrx_word' id='word_1_222' title='bbox 354 3328 466 3398; x_wconf 73' lang='grc' dir='ltr'><strong><em>μενοῖεν</em></strong></span> <span class='ocrx_word' id='word_1_223' title='bbox 485 3324 507 3377; x_wconf 92' lang='grc' dir='ltr'><strong>Β</strong></span> <span class='ocrx_word' id='word_1_224' title='bbox 568 3329 600 3378; x_wconf 92' lang='grc'><strong><em>12</em></strong></span> <span class='ocrx_word' id='word_1_225' title='bbox 619 3322 705 3376; x_wconf 86' lang='grc' dir='ltr'><strong><em>αότδν</em></strong></span> <span class='ocrx_word' id='word_1_226' title='bbox 725 3315 773 3392; x_wconf 75' lang='grc' dir='ltr'><strong><em>έμὲ</em></strong></span> <span class='ocrx_word' id='word_1_227' title='bbox 793 3320 942 3447; x_wconf 69' lang='grc' dir='ltr'><strong><em>Οριοεῖετ</em></strong></span> <span class='ocrx_word' id='word_1_228' title='bbox 955 3317 1005 3373; x_wconf 83' lang='lat' dir='ltr'><strong><em>Bc</em></strong></span> <span class='ocrx_word' id='word_1_229' title='bbox 1024 3317 1051 3374; x_wconf 90' lang='grc' dir='ltr'><strong><em>εί</em></strong></span> <span class='ocrx_word' id='word_1_230' title='bbox 1067 3317 1096 3372; x_wconf 86' lang='grc' dir='ltr'><strong><em>δ’</em></strong></span> 
     </span>
    </p>
   </div>
   <div class='ocr_carea' id='block_1_4' title="bbox 81 3389 1098 3544">
    <p class='ocr_par' dir='ltr' id='par_1_4' title="bbox 81 3389 1098 3544">
     <span class='ocr_line' id='line_1_30' title="bbox 81 3389 1098 3473; baseline -0.016 -15"><span class='ocrx_word' id='word_1_231' title='bbox 81 3397 130 3473; x_wconf 70' lang='grc' dir='ltr'><strong><em>ἐμὲ</em></strong></span> <span class='ocrx_word' id='word_1_232' title='bbox 154 3403 202 3456; x_wconf 82' lang='grc' dir='ltr'><strong><em>δεῖ</em></strong></span> <span class='ocrx_word' id='word_1_233' title='bbox 222 3401 271 3456; x_wconf 79' lang='grc' dir='ltr'><strong><em>καὶ</em></strong></span> <span class='ocrx_word' id='word_1_234' title='bbox 294 3399 380 3455; x_wconf 75' lang='grc' dir='ltr'><strong><em>αὐτὸν</em></strong></span> <span class='ocrx_word' id='word_1_235' title='bbox 404 3397 493 3453; x_wconf 80' lang='lat' dir='ltr'>Cobet</span> <span class='ocrx_word' id='word_1_236' title='bbox 515 3394 582 3450; x_wconf 79' lang='lat' dir='ltr'><strong>obs.</strong></span> <span class='ocrx_word' id='word_1_237' title='bbox 603 3413 629 3464; x_wconf 89' lang='lat' dir='ltr'><strong><em>p.</em></strong></span> <span class='ocrx_word' id='word_1_238' title='bbox 651 3399 702 3448; x_wconf 74' lang='lat'><strong><em>1⁶0</em></strong></span> <span class='ocrx_word' id='word_1_239' title='bbox 774 3398 808 3447; x_wconf 89' lang='grc'><strong><em>20</em></strong></span> <span class='ocrx_word' id='word_1_240' title='bbox 847 3389 1098 3465; x_wconf 86' lang='grc' dir='ltr'><strong><em>ν&lt;ει&gt;ργάσατοΒ</em></strong></span> 
     </span>
     <span class='ocr_line' id='line_1_31' title="bbox 81 3463 885 3544; baseline -0.015 -16"><span class='ocrx_word' id='word_1_241' title='bbox 81 3481 116 3530; x_wconf 92' lang='grc'><strong><em>22</em></strong></span> <span class='ocrx_word' id='word_1_242' title='bbox 135 3472 244 3544; x_wconf 82' lang='grc' dir='ltr'><strong><em>προιὼν</em></strong></span> <span class='ocrx_word' id='word_1_243' title='bbox 263 3471 285 3527; x_wconf 93' lang='grc' dir='ltr'><strong>Ο</strong></span> <span class='ocrx_word' id='word_1_244' title='bbox 304 3469 414 3541; x_wconf 83' lang='grc' dir='ltr'><strong><em>παριὼν</em></strong></span> <span class='ocrx_word' id='word_1_245' title='bbox 432 3465 576 3536; x_wconf 83' lang='lat' dir='ltr'>Kiessling</span> <span class='ocrx_word' id='word_1_246' title='bbox 646 3471 679 3519; x_wconf 87' lang='grc'><strong><em>23</em></strong></span> <span class='ocrx_word' id='word_1_247' title='bbox 699 3464 845 3536; x_wconf 84' lang='grc' dir='ltr'><strong><em>ἀλλοτρίας</em></strong></span> <span class='ocrx_word' id='word_1_248' title='bbox 862 3463 885 3516; x_wconf 94' lang='grc' dir='ltr'>Β</span> 
     </span>
    </p>
   </div>
   <div class='ocr_carea' id='block_1_5' title="bbox 0 0 1217 3848">
    <p class='ocr_par' dir='ltr' id='par_1_5' title="bbox 0 0 1217 3848">
     <span class='ocr_line' id='line_1_32' title="bbox 0 0 1217 3848; baseline 0 0"><span class='ocrx_word' id='word_1_249' title='bbox 0 0 1217 3848; x_wconf 95' lang='lat' dir='ltr'><strong><em> </em></strong></span> 
     </span>
    </p>
   </div>
  </div>
 </body>
</html>
