2378 3840
92 180 138 247 το
519 185 681 233 -z-

92 350 172 410 θειν
194 347 273 421 τοὺς
294 347 537 428 προεστηκότας
554 343 792 430 αὐτῶνχάριτι
809 353 867 428 τῆς
884 348 1009 430 βουλής
1026 348 1111 411 παύ-

93 447 218 516 σασθαι
240 452 295 515 καί
318 452 362 535 μή
385 450 547 534 παράγειν
568 452 627 516 τὸν
645 452 815 537 Μάρκιον,
837 453 869 516 εί
890 449 928 517 δέ
951 452 995 536 μή
1018 453 1110 537 <πεί-

91 557 211 641 θοιεν>
234 559 281 634 είς
299 557 524 642 μακροτάτους
542 556 791 641 ἀναβάλλεσθαι
809 561 963 645 χρόνους,
985 556 1049 637 ἕως
1065 557 1113 625 ἀν.

55 666 77 730 2
92 669 312 749 μαρανθῶσιν
330 663 367 727 αί
382 672 449 727 τῶν
467 667 602 728 πολλῶν
620 663 726 750 ὀργαί.
761 672 864 730 ταῦτα
881 665 1110 750 ψηφισάμενοι

65 772 129 836 ιτὸ
159 766 222 854 μὲν
250 765 333 855 ὑπὲρ
363 778 421 853 τῆς
449 768 573 855 ἀγορᾶς
602 770 709 854 δόγμα
739 771 786 847 είς
815 772 874 836 τὸν
903 770 1010 855 δῆμον
1037 771 1111 857 ἑξή·

90 900 214 959 νεγκαν
244 878 299 941 καί
328 876 463 941 πάντων
493 874 741 942 ἐπαινεσάντων
770 875 951 963 ἐκύρωσαν.
1001 873 1044 962 ήν
1073 875 1112 944 δὲ
1169 908 1172 913 ·

90 986 236 1050 τοιόνδε·
272 983 337 1060 Τάς
366 983 462 1067 τιμὰς
490 977 577 1048 είναι
606 993 673 1049 τῶν
704 983 814 1048 ὠνίων
843 994 911 1049 τῶν
939 986 1022 1069 πρὸς
1051 986 1111 1052 τὸν

91 1085 170 1155 καθ’
192 1087 319 1175 ἡμέραν
341 1093 435 1174 βίον,
462 1090 584 1167 αἵτινες
606 1086 751 1173 ἐγένοντ’
775 1089 943 1176 ἐλάχισται
965 1093 1029 1176 πρὸ
1053 1099 1112 1176 τῆς

92 1196 256 1282 ἐμφυλίου
280 1181 432 1273 στάσεως.
468 1196 557 1281 παρὰ
581 1192 618 1261 δὲ
640 1206 708 1261 τῶν
732 1195 911 1281 δημάρχων
933 1197 1042 1262 πολλὰ
1060 1203 1111 1264 λι-

51 1325 79 1364 ιο
92 1304 298 1388 παρήσαντες
326 1305 388 1388 τήν
417 1299 479 1386 μέν
509 1303 669 1388 ὁλοσχερῆ
700 1302 840 1388 πάρεσιν
867 1302 928 1389 οὐχ
958 1303 1110 1390 εὕροντο,

91 1412 153 1494 τήν
173 1406 203 1475 θ’
223 1412 270 1486 είς
288 1412 411 1495 χρόνον
430 1408 512 1474 ὅσον
529 1407 646 1494 ήξίουν
666 1407 836 1494 ἀναβολήν
854 1411 990 1493 ἔλαβον·
1013 1409 1115 1477 αὐτοί

91 1539 126 1581 τε
149 1515 486 1600 προσεμηχανήσαντο
510 1516 685 1601 διατριβήν
708 1513 823 1600 ἑτέραν
841 1514 974 1603 ἀφορμή
997 1518 1111 1605 τοιᾷδε

57 1622 302 1708 3χρησάμευοι.
347 1623 425 1697 τοὺς
453 1618 489 1685 έιι
512 1624 668 1698 Σικελίας
695 1618 938 1698 ἀποσταλέντας
961 1621 1027 1688 ὑπὸ
1049 1631 1111 1689 τοῦ

91 1727 261 1813 τυράννου
288 1724 442 1811 πρέσβεις
467 1723 523 1791 καί
550 1730 839 1811 παρακομίσαντας
861 1736 906 1817 τῷ
931 1729 1025 1817 δήμφ
1047 1729 1110 1813 τήν

51 1853 78 1895 ιι
91 1842 152 1899 τοῦ
176 1836 269 1899 σίτου
293 1833 424 1916 δωρεάν
443 1831 668 1912 ἀποπλέοντας
687 1835 800 1899 οίκαθε
814 1830 979 1900 Ἀυτιάται
997 1851 1182 1922 πίειρα-1391

92 1944 209 2027 τήριον
229 1943 414 2017 στείλαντες
435 1943 624 2025 κατήγαγον
647 1939 914 2018 ἀποσαλεύοντας
936 1940 977 2006 οὐ
995 1943 1110 2027 πρόσω

91 2059 159 2113 τῶν
187 2042 330 2132 λιμένων
356 2043 411 2111 καὶ
439 2047 480 2111 τά
506 2071 540 2112 τε
569 2045 706 2132 χρήματ’
732 2047 843 2112 αὐτῶν
871 2047 916 2123 ὡς
942 2051 1111 2131 πολεμίων

94 2151 139 2219 δι’
170 2155 329 2239 ὠφελείας
359 2155 493 2238 ἔθεντο,
522 2151 577 2219 καὶ
607 2153 647 2218 τὰ
677 2154 811 2238 σώματα
839 2157 1112 2232 κατακλείσαντες

56 2256 185 2346 4είχον
212 2259 249 2325 ἐν
276 2265 417 2345 φυλακή.
463 2271 565 2326 ταῦτα
593 2263 759 2345 μαθόντες
787 2260 821 2325 οί
845 2259 965 2324 ὕπατοι
992 2258 1110 2338 ἔξοδον

52 2386 79 2428 εο
94 2366 299 2452 ἐψηφίσαντο
323 2365 377 2432 ἐπὶ
399 2369 477 2444 τοὺς
495 2365 674 2452 Ἀντιάτας,
698 2365 811 2451 ίπειθή
833 2363 1111 2452 πρεσβευομένοις

92 2475 206 2550 αὐτοῖς
230 2469 330 2539 οὐδὲν
352 2472 468 2557 ήξίουν
490 2484 557 2538 τῶν
581 2474 721 2538 δικαίων
743 2481 866 2538 ποιεῖν·
895 2469 950 2537 καὶ
972 2473 1111 2555 ποιησά·

93 2605 189 2668 μενοι
210 2591 278 2645 τῶν
302 2579 340 2645 έυ
363 2579 448 2665 ἀκμή
472 2581 656 2663 κατάλογον
677 2576 814 2665 έξήεσαν
833 2577 1025 2664 ἀμφότεροι,
1047 2581 1111 2664 ψή-

93 2706 200 2775 φισμα
229 2688 437 2772 κυρώσαντες
466 2682 551 2771 ὑπὲρ
581 2685 746 2770 ἀναβολῆς
775 2695 843 2750 τῶν
871 2681 899 2749 τ’
929 2685 1026 2751 ίδίιον
1053 2682 1113 2751 καὶ
1150 2691 1153 2697 ’

92 2807 160 2861 τῶν
190 2797 360 2879 δημοσίων
387 2794 508 2877 δικῶν,
537 2793 618 2857 ὅσον
646 2790 688 2856 ἀν
714 2794 838 2876 χρόνον
865 2786 949 2856 ὦσιν
976 2790 1013 2857 έν
1040 2803 1110 2869 τοῖς

53 2880 218 2994 ἕζὸπλοις.
269 2898 398 2985 ἐγένετο
429 2896 460 2963 δ’
489 2894 585 2975 οὗτος
613 2896 673 2983 οὐχ
701 2896 782 2963 ὅσον
809 2895 994 2983 ὑπέλαβον,
1027 2896 1110 2964 ἀλλὰ

166 3098 181 3146 2
208 3089 339 3147 πείθοιεν
363 3091 417 3146 del.
442 3088 530 3145 Cobet
553 3088 619 3145 Obs.
643 3107 670 3158 p.
691 3094 740 3143 141
814 3093 830 3142 8
858 3090 1021 3158 ἀναγκαίαν
1044 3093 1110 3160 post

95 3163 158 3234 βίον
177 3163 242 3218 add.
260 3164 284 3217 B
301 3166 305 3232 Ι
321 3163 391 3234 πρὸς
407 3162 457 3217 τὸν
477 3162 539 3234 βίον
558 3159 612 3215 del.
631 3159 740 3229 Kayser
756 3160 828 3215 Ann.
843 3159 913 3229 phil.
932 3166 999 3216 1868
1017 3179 1045 3230 p.
1056 3167 1109 3217 814

95 3237 129 3286 15
154 3233 188 3286 de
212 3237 329 3287 accentu
351 3233 429 3288 vocis
445 3230 582 3287 Ἀντιάται
605 3231 639 3286 of.
659 3230 770 3285 Ritsohl
794 3247 887 3299 opusc.
911 3231 980 3300 phil.
1004 3234 1072 3289 tom.
1096 3233 1108 3286 I

93 3321 122 3372 p.
142 3308 194 3356 500
216 3306 274 3358 not.
298 3303 482 3359 Wannowski
505 3303 540 3356 de
563 3303 673 3357 ratione
696 3319 752 3370 qua
775 3301 872 3356 Graeci
897 3302 928 3356 in
952 3301 1108 3358 scribendis

93 3373 256 3429 nominibus
284 3375 405 3444 propriis
424 3375 615 3428 Romanorum
643 3373 687 3426 usi
714 3372 826 3430 fuerint.
863 3373 1109 3429 Poenania01886

94 3462 122 3515 p.
141 3451 174 3500 15
239 3451 272 3500 22
291 3453 346 3500 τῶν
366 3445 442 3500 ABb
461 3445 510 3500 τὸν
528 3444 575 3497 Ba
