2424 3848
545 183 707 231 -Ζ-
1065 176 1130 242 105

109 358 183 424 τοῖς
206 343 330 433 ἑτέροις
353 342 496 428 ἐγένετο·
519 342 689 418 πολιτικάς
711 337 748 406 δὲ
767 342 911 424 κινήσεις
930 337 984 405 καὶ
1003 340 1132 417 στάσεις

110 452 364 538 ἀναγράφοντες
392 450 453 516 οὐκ
480 456 607 515 οίουται
634 450 708 513 δεῖν
736 446 954 531 ἀπαγγέλλειν
976 449 1054 524 τοὺς
1076 451 1132 513 λό-

46 579 207 643 ιικεγους,
230 555 273 623 δι’
298 551 346 622 ὧν
370 557 408 621 αῖ
427 555 608 642 παράδοξοι
631 552 686 620 καὶ
709 551 899 639 θαυμασταὶ
921 554 1054 636 πράξεις
1076 553 1132 618 έπ-

109 662 348 751 ειελέσθησαν.
385 665 417 728 εί
438 664 501 749 γάρ
524 686 556 727 τι
575 659 630 727 καὶ
648 662 731 726 ἀλλο
749 670 806 744 τῆς
818 658 988 745 Ῥωμαίων
1006 664 1168 739 πόλεως4

110 770 198 857 μέγα
217 770 382 854 ἐγκώμιόν
400 767 470 835 έστι
488 766 544 834 καὶ
564 772 745 853 ζηλοῦσθαι
763 767 828 833 ὑπὸ
847 767 981 833 πάντων
1000 766 1131 853 ἀνθρώ·
1160 793 1173 835 ι

109 900 187 944 πων
209 877 304 956 ἀξιον
326 875 459 942 κάκεῖνο
483 873 612 959 ἐγένετο
635 871 705 942 κατ’
729 872 812 959 ἐμὴν
837 873 937 952 δόξαν
960 876 997 940 τὸ
1022 877 1132 959 ἔργον,

109 989 243 1070 μᾶλλον
275 980 307 1048 δ’
341 978 425 1068 ὑπὲρ
457 983 586 1047 ἅπαντα
618 982 725 1047 πολλδι
756 979 811 1046 καὶ
843 982 1019 1065 θαυμαστὰ
1052 983 1132 1046 ὄντα

108 1093 356 1175 λαμπρότατον,
379 1091 416 1155 τὸ
438 1092 519 1174 μήτε
542 1091 621 1165 τοὺς
643 1090 843 1172 δημοτικοὺς
860 1091 1133 1172 καταφρονήσαν-

108 1221 171 1274 τας
189 1206 256 1261 τῶν
274 1199 456 1280 πατρικίου
474 1193 678 1280 ἐπιχειρῆσαι
697 1195 821 1279 αὐτοῖς,
839 1192 894 1260 καὶ
912 1196 1020 1258 πολὺν
1037 1192 1132 1278 ε’ργα-

110 1301 278 1387 σαμένους
296 1313 363 1367 τῶν
381 1304 564 1388 κρατίσταν
582 1303 691 1385 φόνον
710 1301 838 1366 ἅπαντα
854 1297 1132 1384 τάκείνωνπαρα-
1146 1326 1172 1366 ιο

110 1412 242 1493 λαβεῖν,
260 1408 341 1491 μήτε
358 1409 437 1483 τοὺς
455 1406 492 1472 έν
511 1417 580 1483 τοῖς
599 1404 781 1491 ἀξιώμασιν
799 1406 820 1490 ἣ
841 1406 896 1471 διὰ
915 1417 1009 1490 σφῶν
1023 1405 1133 1471 αὐτῶν

109 1515 131 1600 ἣ
157 1514 301 1592 ξενικαῖς
324 1512 526 1599 ἐπικουρίαις
548 1511 776 1598 χρησαμένους
798 1513 995 1597 διαφθεῖραι
1017 1514 1056 1578 τὸ
1075 1513 1133 1596 δη-

109 1623 251 1706 μοτικὸν
280 1621 368 1685 άπαν
394 1617 450 1684 καὶ
476 1621 513 1684 τὸ
539 1621 658 1685 λοιπὸν
680 1621 785 1684 οἰκεῖν
808 1618 913 1696 ἀδεῶς
935 1620 997 1702 την
1018 1622 1131 1684 πόλιν·

110 1721 187 1793 ἀλλ’
214 1727 325 1811 ὥσπερ
353 1724 520 1810 ἀδελφούς
548 1724 705 1811 ἀδελφοῖς
727 1724 748 1808 ἣ
770 1727 891 1803 παῖδας
913 1733 1071 1809 γονεῦσιν
1094 1725 1167 1800 έν5

110 1837 202 1921 οίκίηι
225 1833 376 1918 σώφρονι
398 1829 475 1918 περὶ
496 1841 564 1896 τῶν
588 1837 670 1896 ἴσον
694 1829 793 1916 <καλ>
817 1832 955 1897 δικαίων
979 1833 1130 1916 διαλεγο-
1145 1858 1171 1900 ιι

110 1937 234 2025 μένους
252 1944 366 2004 πειθοῖ
383 1935 438 2003 καὶ
457 1940 545 2027 λόγῳ
561 1938 759 2003 διαλύεσθαι
773 1938 813 2002 τδι
826 1941 930 2022 νείκη,
949 1937 1131 2022 ἀνήκεστον

111 2043 143 2113 δ’
164 2045 185 2133 ἢ
210 2043 349 2113 ἀνόσιον
368 2046 466 2130 ἔργον
484 2039 593 2127 μηθὲν
611 2043 788 2128 ὑπομεῖναι
806 2045 927 2129 δρᾶσαι
945 2038 1015 2108 κατ’
1033 2042 1132 2129 ἀλλη-

111 2157 195 2219 λων·
227 2141 281 2216 οἷα
304 2152 510 2236 Κερκυραῖοί
534 2172 568 2214 τε
596 2150 678 2215 κατὰ
705 2151 766 2234 την
794 2151 911 2215 στάσιν
934 2150 1131 2236 εἰργάσαντο

111 2256 168 2324 καὶ
182 2255 328 2342 Ἀργεῖοι
346 2254 402 2322 καὶ
419 2256 583 2338 Μιλήσιοι
601 2253 658 2320 καὶ
675 2259 814 2321 Σικελία
832 2265 921 2321 πάσα
938 2255 994 2322 καὶ
1012 2256 1133 2343 συχναὶ

113 2365 211 2430 ἀλλαι
242 2366 363 2440 πόλεις.
416 2361 480 2446 ἐγὼ
512 2357 574 2446 μὲν
607 2356 669 2428 οὖν
702 2363 758 2427 διδι
790 2373 892 2428 ταῦτα
928 2367 1131 2450 προειλόμην
1146 2392 1172 2432 ιο

59 2467 352 2556 ιιῖεάκριβεστέραν
383 2473 511 2552 μᾶλλον
543 2466 563 2551 ἦ
595 2468 802 2555 βραχυτέραν
834 2473 1039 2554 ποιήσασθαι
1070 2473 1132 2556 την

115 2577 285 2660 διήγησιν·
308 2572 447 2661 κρινέτω
471 2571 500 2639 δ’
525 2573 660 2651 ἕκαστος
683 2576 727 2652 ὡς
749 2576 913 2660 βούλεται.

178 2679 315 2746 LXVII.
342 2683 422 2745 Τότε
447 2677 478 2745 δ’
501 2675 564 2746 οὖν
586 2690 644 2764 της
666 2683 760 2766 δίκης
782 2691 880 2748 τοῦτο
904 2683 1072 2766 λαβούσης
1094 2685 1131 2748 τὸ

113 2787 206 2864 τέλος
239 2785 257 2853 ὁ
290 2781 351 2869 μὲν
384 2787 488 2870 δῆμος
524 2785 683 2852 ἀπελύετο
720 2788 952 2871 προσειληφὼς
988 2786 1131 2870 ἀνόητον

113 2895 246 2980 αὔχημα
272 2890 328 2957 καὶ
355 2889 580 2978 καθῃρηκέναι
605 2894 667 2976 τὴν
690 2892 944 2978 ἀριστοκρατίαν
967 2895 1131 2980 οἰόμενος,
1145 2921 1172 2962 ιι

114 3000 148 3065 οί
176 2994 214 3064 δὲ
242 3001 409 3084 πατρίκιοι
437 3008 593 3083 κατηφεῖς
619 3022 654 3063 τε
682 2995 737 3063 καὶ
760 2996 910 3064 ταπεινοὶ
932 2996 987 3063 καὶ
1011 2997 1054 3063 δι’
1082 3004 1131 3066 αί-

184 3197 199 3246 ’λ
224 3189 313 3245 πολλὰ
331 3188 439 3244 οδά.Β
512 3197 527 3244 9
552 3184 792 3261 έργασαμένοιςΒ
868 3196 900 3243 15
927 3191 993 3244 ἴσον
1013 3192 1131 3248 δικαίων

115 3303 187 3318 ....
210 3260 234 3314 Β
258 3261 306 3315 καὶ
329 3261 447 3315 δικαίαν
470 3277 493 3315 ο,
513 3259 657 3330 Kiessling
680 3262 747 3314 ῖσων
772 3260 826 3314 del.
845 3260 952 3329 Kayser
972 3266 1041 3316 Ann.
1060 3264 1130 3333 phil.

114 3373 229 3493 {8681}
248 3372 315 3492 MR
373 3372 409 3421 24
426 3367 603 3439 προειληφὼς
621 3366 644 3418 Β
663 3348 881 3435 προέιληφὼςΟ
949 3374 983 3424 25
1004 3367 1131 3441 οἰόμενος

154 3459 209 3510 νομ
221 3456 271 3502 σας
