2424 3848
95 170 117 232 4
485 163 679 223 “-μ

92 327 216 414 Ῥώμης
238 330 411 414 φυγάδων,
433 335 582 415 χαλεπῶς
601 326 638 394 δὲ
656 328 745 395 πάνυ
765 330 820 394 διά
838 331 899 413 τῆν
917 332 1110 415 προθυμίαν

96 447 163 501 τῶν
192 435 364 513 ἰδιοξένων
387 436 470 502 αὐτὰ
495 438 655 501 διασῶσαι
679 433 882 520 δυνηθέντες
904 437 944 500 τά
967 437 1184 521 σῶματαμεω

98 543 174 627 δίχα
187 553 254 608 τῶν
268 543 443 629 χρημάτων
458 540 664 629 ἀνέστρεψαν
679 546 725 619 είς
738 543 800 625 τῆν
806 539 935 626 Ῥώμην
944 544 1113 630 ἀπρακτοι.

62 648 196 732 3όμοια
219 645 257 713 δὲ
279 648 409 725 τούτοις
432 647 555 733 συνέβη
578 655 702 714 παθεῖν
725 645 780 713 καὶ
803 657 872 724 τοῖς
894 650 941 723 είς
959 649 1019 731 τῆν
1034 644 1114 713 Ἰτα-

73 759 214 819 ελιῶτιν
246 751 459 839 ἀφικομένοις
486 754 615 838 Κύμην.
666 751 721 819 καὶ
753 755 816 838 γὰρ
849 753 969 818 αὐτόθι
996 751 1115 818 πολλοὶ

96 857 265 944 Ῥωμαίων
293 862 534 945 διατρίβοντες,
562 861 597 925 oc
622 863 685 926 σύν
713 869 758 946 τῷ
786 864 918 944 βασιλεῖ
941 862 1114 947 Ταρκυνίῳ

102 963 324 1042 διασωθέντες
347 965 383 1030 ἐκ
405 974 462 1048 τῆς
484 968 672 1042 τελευταίας
694 953 976 1049 μάχηςφυνάδες,
997 968 1035 1030 τὸ
1054 961 1116 1048 μὲν

100 1081 232 1156 πρῶτον
260 1069 460 1148 ἐξαιτεῖσθαι
487 1073 575 1157 παρά
602 1081 662 1136 τοῦ
690 1072 858 1155 τυράννου
885 1075 964 1148 τούς
991 1072 1116 1155 ἀνδρας

102 1175 315 1263 ἐπεχείρησαν
338 1174 391 1242 ἐπὶ
414 1176 562 1267 θανάτῳ,
585 1176 804 1262 ἀποτυχόντες
823 1174 859 1241 δὲ
877 1178 996 1242 τούτου
1016 1177 1116 1263 ῥύσια

65 1302 91 1341 ιο
103 1294 278 1368 κατασχεῖν
309 1291 412 1348 ταῦτα
443 1284 482 1347 τὰ
513 1285 646 1367 σώματα
675 1284 764 1368 παρά
793 1291 850 1366 τῆς
879 1281 1116 1358 ἀπεσταλκυίας

101 1392 228 1465 πόλεως
250 1388 378 1473 ἠξίουν,
401 1387 463 1465 ἕως
487 1387 678 1472 ἀπολάβωσι
700 1389 758 1465 τάς
780 1385 906 1453 ἑαυτῶν
930 1388 1056 1472 οὐσίας,
1079 1388 1118 1465 ἀς

102 1496 229 1579 ἔφασαν
251 1494 316 1560 ὑπὸ
331 1493 500 1578 Ῥωμαίων
523 1492 644 1571 ἀδίκως
667 1495 904 1578 δεδημεῦσθαι,
926 1491 981 1559 καὶ
999 1496 1118 1577 ταύτης

104 1598 209 1686 ᾤοντο
237 1602 309 1665 δεῖν
337 1609 394 1683 τῆς
421 1601 515 1684 δίκης
541 1601 600 1664 τὸν
627 1600 795 1686 τύραννον
822 1599 935 1675 αὐτοῖς
959 1597 1117 1683 γενέσθαι

68 1708 230 1791 4κριτῆν.
272 1707 290 1772 ὁ
315 1702 352 1770 δὲ
374 1716 548 1791 τυραννῶν
570 1708 643 1770 τότε
667 1715 725 1790 τῆς
747 1707 864 1790 Κύμης
882 1703 1118 1790 Ἀριστόδημος

65 1828 91 1869 15
104 1806 147 1895 ῆν
171 1812 189 1877 δ
209 1809 496 1898 Ἀριστοκράτους,
519 1811 603 1898 ἀνὴρ
627 1811 667 1877 οὐ
690 1822 756 1879 τῶν
780 1811 1001 1895 ἐπιτυχόντων
1023 1811 1119 1877 ἕνεκα

105 1915 235 2001 γένους,
258 1917 293 1994 δς
317 1917 463 1982 ἐκαλεῖτο
482 1920 643 1994 Μαλακὸς
665 1917 730 1983 ὑπὸ
754 1929 821 1983 τῶν
844 1917 953 1982 ἀστῶν
976 1915 1031 1982 καὶ
1055 1921 1118 1983 σὺν

105 2025 214 2111 χρόνῳ
243 2021 499 2109 γνωριμωτέραν
525 2033 585 2089 τοῦ
614 2022 776 2107 ὀνόματος
802 2025 876 2108 ἔσχε
902 2024 964 2106 τῆν
991 2029 1119 2107 κλῆσιν,

105 2125 170 2193 εόθ’
194 2129 244 2193 ὅτι
271 2129 457 2215 θηλυδρίας
484 2127 613 2211 ἐγένετο
641 2140 717 2205 παῖς
744 2130 791 2193 ὢν
818 2126 874 2194 καὶ
899 2130 939 2193 τά
967 2127 1189 2212 χυναιξὶν1316

107 2233 310 2318 ἁρμόττοντα
329 2237 481 2320 ἔπασχεν,
500 2235 544 2311 ὡς
563 2236 734 2320 ἱστοροῦσί
749 2258 847 2318 τινες,
866 2232 930 2299 εύθ’
950 2234 1000 2299 ὅτι
1016 2244 1121 2322 πρᾷος

66 2357 93 2399 ιο
107 2335 149 2422 ἦν
172 2340 271 2424 φύσει
294 2337 350 2405 καί
372 2342 516 2424 μαλακὸς
534 2342 582 2417 είς
600 2340 716 2426 ὀργῆν,
739 2341 783 2417 ῶς
801 2340 906 2426 ἕτεροι
925 2341 1121 2426 χράφουσιν.

72 2445 94 2510 5
109 2444 273 2531 ἀφορμαῖς
291 2443 328 2511 δὲ
347 2455 405 2530 τῆς
422 2447 621 2531 τυραννίδος
640 2447 768 2524 ὁποίαις
786 2446 945 2532 ἐχρήσατο
961 2444 1122 2523 καὶτίνας

107 2547 213 2635 ῆλθεν
237 2547 287 2617 ἐπ’
310 2551 413 2636 αὐτὴν
437 2552 537 2628 δδούς
559 2550 615 2617 καὶ
637 2563 706 2628 πῶς
729 2549 870 2639 διῴκησε
893 2553 933 2617 τὰ
956 2553 1037 2616 κατὰ
1060 2553 1121 2635 τὴν

109 2656 213 2743 ἀρχῆν
245 2667 473 2742 καταστροφῆς
504 2655 540 2723 θ’
574 2659 689 2734 ὁποίας
721 2661 851 2743 ἔτυχεν,
889 2657 950 2723 οὐκ
982 2659 1121 2744 ἀκαιρον

107 2759 194 2828 εἶναι
222 2765 309 2829 δοκῶ
338 2766 457 2849 μικρὸν
483 2763 658 2848 ἐπιστήσας
680 2765 741 2848 τῆν
764 2763 944 2848 Ῥωμαϊκὴν
967 2764 1132 2847 διήγησιν·

69 2884 95 2926 2⁵
108 2870 342 2955 κεφαλαιωδῶς
365 2867 557 2946 διεξελθεῖν.

180 3057 295 3113 2ίδίων
314 3057 444 3124 ξένωνΒ
469 3058 614 3126 ἰδιοξένων
633 3060 659 3112 R
676 3060 710 3115 cf.
725 3060 796 3129 184,
816 3066 831 3113 5
898 3055 947 3114 ὅό
948 3080 965 3114 ν
983 3059 1070 3131 ταύτῃ
1089 3068 1122 3131 τῆ

108 3129 189 3184 πόλει
207 3129 232 3182 Α
250 3129 355 3184 αὐτόθι
370 3129 419 3184 Bc
474 3135 508 3183 10
527 3130 653 3184 αὐτὰτὰ
667 3135 691 3184 Α
709 3139 798 3185 ταῦτα
815 3131 850 3185 τδι
864 3130 912 3184 Bc
969 3136 1001 3183 16
1022 3126 1125 3186 ἐπεκα-

109 3205 222 3256 λειτοο.
242 3199 385 3268 Kiessling
445 3205 477 3252 17
496 3205 593 3269 κλῆσιν
613 3199 662 3254 Ac
682 3205 711 3255 et
730 3201 871 3256 Suidass
890 3219 915 3257 v.
934 3198 1124 3272 Ἀριστόδημος

110 3267 208 3338 ἐπίκλη
210 3269 295 3324 σινΒ
354 3276 389 3324 20
408 3271 531 3339 μαλακὸς
550 3270 589 3333 είς
608 3271 670 3341 ὐρη
641 3292 694 3341 νην
712 3272 737 3325 Α
756 3274 785 3327 ελ
804 3271 949 3341 Ξωὶἀιιεμ.
969 3290 990 3326 π
991 3222 1093 3341 ρ.ὸςύμ
1100 3272 1123 3325 Β

110 3338 150 3403 είς
167 3340 221 3394 hoe
238 3341 301 3395 loco
321 3342 350 3394 et
367 3339 407 3394 IX
421 3346 464 3409 44,
480 3348 495 3395 5
516 3342 570 3398 del
590 3359 651 3396 esse
671 3345 767 3397 censet
786 3342 875 3397 Cobet
893 3342 992 3412 Obsp
994 3347 1068 3397 135
1089 3343 1123 3399 cf.

109 3361 1123 3486 ΜΜΜΨΜΜΜΜἋΜΜΜΒ

1129 3502 1131 3529 Ι
