2424 3848
138 179 203 244 346
561 179 727 232 -Θ-

138 359 221 425 σεις,
248 340 287 417 δς
313 339 454 406 ἐποιεῖτο
482 339 603 423 μετιὼν
630 341 691 423 τὴν
714 338 819 425 ἀρχὴν
841 342 924 405 κατὰ
946 351 1014 405 τῶν
1036 360 1155 426 πατρι-

101 448 231 531 2κίων,
254 447 298 524 ὡς
320 445 586 533 ἀφαιρησόμενος
608 446 719 511 αὐτῶν
741 447 802 530 τὴν
826 448 932 532 ἰσχύν.
978 446 1014 523 ὃς
1036 444 1153 532 ἐπειδὴ

136 554 271 639 τάχιστα
307 549 472 635 ἐξεγένετο
509 551 597 640 αὐτῷ
632 553 847 636 λωφήσαντος
878 561 939 617 τοῦ
972 553 1153 637 δαιμονίου

136 662 238 746 χόλου
261 660 301 724 τά
322 659 473 725 πολιτικά
491 658 658 743 πράττειν,
681 659 880 741 συναγαγὼν
898 660 958 724 τὸν
976 659 1086 744 δῆμον
1105 662 1155 738 είς

109 765 313 851 εέκκλησίαν
334 769 441 850 νόμον
463 761 608 851 εἰσφέρει
626 761 702 849 περὶ
719 774 787 829 τῶν
806 765 1019 850 δημαρχικῶν
1037 764 1154 851 ἀρχαι-

136 876 270 957 ρεσίων,
293 872 443 956 μετάγων
466 870 549 937 αὐτὰ
572 870 608 936 ἐκ
628 879 686 955 τῆς
703 879 907 956 φρατριακῆς
924 876 1154 957 ψηφοφορίας,

136 978 178 1061 ἣν
199 979 235 1044 οἱ
249 975 404 1062 Ῥωμαῖοι
422 983 582 1043 καλοῦσιν
600 986 784 1062 κουριᾶτιν,
807 975 861 1042 ἐπὶ
877 978 940 1061 την
958 981 1153 1062 φυλετικήν.

137 1087 187 1161 τίς
211 1081 246 1149 δέ
265 1085 395 1150 τούτων
414 1084 560 1171 διαφορά
578 1093 646 1148 τῶν
664 1081 895 1168 ἀρχαιρεσίων,
919 1082 983 1167 ἐγὼ
1004 1095 1151 1168 σημανῶ.

101 1200 122 1264 3
135 1191 195 1268 τάς
212 1186 273 1275 μέν
289 1190 492 1276 φρατριακὰς
505 1193 719 1275 ψηφοφορίας
733 1190 801 1254 ἔδει
814 1190 1153 1276 προβουλευσαμένης

97 1323 122 1361 ιο
135 1306 192 1382 τῆς
209 1301 334 1382 βουλῆς
351 1294 406 1362 καὶ
424 1305 485 1361 τοῦ
503 1297 655 1379 πλήθους
671 1295 754 1361 κατά
772 1296 919 1382 φράτρας
936 1296 995 1373 τάς
1012 1300 1206 1382 ψήφουςὶεῶ

136 1401 381 1487 ἐπενέγκαντος,
404 1400 460 1468 καλ
482 1398 550 1487 μετ’
572 1401 742 1487 ἀμφότερα
764 1411 867 1467 ταῦτα
888 1413 956 1470 τῶν
978 1404 1068 1487 παρὰ
1090 1414 1152 1470 τοῦ

136 1511 312 1594 δαιμονίου
341 1511 486 1592 σημείων
508 1531 543 1574 τε
566 1505 622 1572 καὶ
645 1509 777 1574 οἰωνῶν
800 1504 905 1592 μηδέν
927 1507 1152 1576 ἐναντιωθέν-

134 1640 218 1697 των,
245 1617 318 1679 τότε
344 1617 460 1698 κυρίας
486 1609 585 1679 εἶναι·
616 1614 675 1690 τὰς
702 1609 739 1678 δέ
766 1614 943 1699 φυλετικὰς
965 1615 1046 1699 μήτε
1070 1637 1151 1701 προ-

135 1720 360 1804 βουλεύματος
378 1716 560 1803 γενομένου
579 1721 659 1804 μήτε
682 1730 750 1785 τῶν
769 1717 885 1805 ίερέων
903 1744 938 1786 τε
957 1718 1013 1785 καλ
1033 1722 1151 1787 οίωνο-

95 1850 122 1890 ιτ
136 1828 270 1890 σκέπων
302 1824 608 1910 ἐπιθεσπισάντων,
643 1825 680 1890 ἐν
711 1824 817 1913 ἡμέρᾳ
848 1836 908 1912 μιᾷ
938 1831 1150 1905 τελεσθείσας

134 1931 200 1997 ὑπὸ
223 1941 290 1996 τῶν
313 1936 466 2017 φυλετῶν
488 1929 581 2008 τέλος
604 1933 700 2016 ἐχειν.
744 1931 799 1996 καὶ
822 1926 908 2015 ἦσαν
932 1931 968 1998 ἐκ
990 1944 1059 1998 τῶν
1083 1939 1148 1999 λοι-

133 2049 206 2103 πῶν
229 2037 395 2123 τεττάρων
418 2037 597 2123 δημάρχων
621 2039 657 2103 οί
677 2036 951 2123 συνεισφέροντες
973 2039 1064 2126 αὐτῷ
1087 2041 1148 2105 δύο

135 2139 298 2229 δήμαρχοι
317 2147 376 2210 τὸν
394 2148 512 2229 νόμον·
537 2144 595 2221 οὓς
613 2145 946 2230 προσεταιρισάμενος
962 2144 1148 2211 ἐλαττόνων

96 2252 242 2322 4βντων
259 2261 327 2315 τῶν
346 2251 389 2334 μη
408 2250 511 2315 ταύτά
529 2247 743 2333 βουλομένων
761 2259 889 2333 περιῆν.
927 2251 962 2314 οί
980 2247 1011 2314 δ’
1028 2251 1148 2318 ὕπατοι

93 2381 121 2422 ιο
134 2355 189 2423 καὶ
216 2357 236 2440 η
264 2357 369 2440 βουλὴ
398 2354 453 2420 καὶ
475 2355 595 2432 πάντες
618 2356 653 2421 οί
672 2358 838 2442 πατρίκιοι
859 2357 1002 2421 κωλύειν
1026 2355 1148 2443 ἐπεχεί-

134 2486 218 2548 ρουν
245 2464 305 2528 τὸν
331 2465 451 2546 νόμον·
484 2461 685 2546 ἀφικόμενοί
704 2485 739 2527 τε
761 2463 843 2527 κατὰ
865 2466 995 2545 πλῆθος
1018 2464 1066 2539 είς
1088 2464 1148 2547 την

133 2568 271 2655 ἀγοράν,
294 2566 332 2633 ἐν
353 2561 375 2654 ᾖ
398 2579 559 2653 προεῖπον
583 2568 618 2632 οί
639 2569 801 2653 δήμαρχοι
823 2568 988 2651 κυρώσειν
1011 2570 1072 2634 τὸν
1093 2572 1147 2635 νό·

134 2698 198 2759 μον
215 2671 332 2760 ἡμέρα,
354 2674 589 2750 παντοδαποὺς
607 2674 750 2757 διῆλθον
768 2676 901 2756 λόγους,
924 2683 991 2738 τῶν
1010 2671 1046 2739 θ’
1064 2675 1148 2740 ὑπά-

133 2804 200 2847 των
227 2778 283 2846 καλ
310 2791 377 2845 τῶν
404 2780 641 2864 πρεσβυτάτων
669 2777 706 2844 ἐκ
733 2788 790 2862 τῆς
816 2782 940 2863 βουλῆς
964 2778 1020 2844 καλ
1042 2782 1146 2847 άλλου

92 2911 119 2952 ιτ
132 2891 270 2971 παντός,
298 2887 363 2975 ὅτῳ
386 2883 580 2974 βουλομένω
603 2879 662 2969 ἦν,
684 2886 742 2962 τάς
764 2884 904 2962 ἐνούσας
926 2884 964 2951 ἐν
985 2895 1032 2974 τῷ
1054 2891 1146 2978 νόμμ

135 2993 315 3072 διεξιόντος
345 2989 490 3069 ἀτοπίας.
537 2988 778 3069 ἀντιλεξάντων
808 2987 845 3056 δὲ
872 3002 939 3057 τῶν
967 2993 1146 3080 δημάρχων

205 3226 220 3274 7
244 3218 361 3290 κνράτιν
384 3222 517 3274 καλοῦσιν
535 3220 560 3272 A
583 3222 700 3273 καλοῦσι
718 3217 835 3290 κνράτιν
854 3218 889 3285 Β,
914 3218 964 3273 sed
982 3223 1101 3276 καλοῦσι
1118 3219 1145 3274 in

132 3291 187 3345 fine
205 3308 302 3346 versus
321 3290 368 3344 Bb
387 3299 533 3360 κουριᾶτιν
553 3289 642 3345 Cobet
660 3289 725 3344 Obs.
744 3306 771 3358 p.
788 3295 838 3343 181
857 3289 891 3345 ef.
911 3288 950 3343 IX
964 3295 1040 3359 46‚3
1114 3297 1144 3345 10

133 3361 271 3430 φράτριος
283 3362 337 3415 ΑΒ
393 3367 424 3415 11
445 3358 680 3430 ἐξενέγκαντοςΑ
737 3367 770 3415 14
789 3357 909 3430 ίερῶνΟ
929 3357 1027 3432 ἱερέων
1043 3361 1145 3417 Reiske

133 3436 167 3486 16
191 3430 362 3504 φνλε<τῶ>ν
380 3432 426 3487 Bb
452 3436 456 3503 Ι
481 3433 579 3487 λοιπὸν
598 3432 623 3484 Α
696 3436 730 3485 19
751 3439 839 3486 ταῦτα
858 3430 912 3484 ΑΒ
936 3447 1006 3488 corr.
1026 3432 1146 3502 Sylburg
