2424 3848
519 187 686 238 -Θ-
1045 185 1108 249 311

96 364 170 423 σιος
192 346 212 429 ἡ
236 349 368 429 πληθὺς
390 356 456 410 τῶν
479 349 597 428 βελῶν.
643 346 679 411 οί
699 343 736 411 δὲ
754 344 906 430 Ῥωμαῖοι
928 351 1110 432 συστρεφό-

97 476 193 538 μενοι
221 453 302 517 ιιατά
326 455 446 536 λόχους
468 449 695 538 προσέτρεχον
712 452 824 529 αὐτοῖς
847 453 907 537 οὐχ
931 452 1111 538 ὑφισταμέ-

95 583 169 636 νοις
196 556 250 623 καί
277 559 401 634 πολλάς
427 558 553 640 πληγάς
581 558 803 641 λαμβάνοντες
830 559 894 624 ὑπὸ
922 569 989 625 τῶν
1016 558 1108 644 πέριξ

95 663 271 749 ὑπέμενον.
316 665 361 741 ὡς
388 660 426 729 δέ
452 664 492 728 τά
514 687 548 728 τε
578 663 655 748 ξίφη
678 668 815 741 πολλοῖς
837 665 983 751 ἀχρηστα
1005 660 1048 748 ἦν
1070 667 1150 734 τά4

96 768 159 855 μέν
186 769 442 854 ἀπεστομωμένα
469 770 526 847 τὰς
553 768 672 853 ἀκμάς,
699 771 739 833 τὰ
767 766 804 834 δὲ
830 774 1027 856 κατεαγότα,
1054 770 1108 837 καὶ
1137 795 1150 836 ε

96 887 164 942 τῶν
197 875 346 941 ἀσπίδων
378 877 418 940 τά
454 873 547 960 πέριξ
585 881 675 952 ίτνος
708 872 847 960 ἐχόμενα
879 875 1109 962 διετέθρυπτο,

30 982 228 1066 ,εοοέξαιμοί
247 1005 281 1047 τε
306 982 341 1046 οί
360 985 494 1057 πλείους
515 978 570 1045 καὶ
588 984 778 1063 καταβελεῖς
794 978 850 1045 καὶ
868 981 1051 1066 παράλυτοι
1069 985 1109 1047 τά

96 1088 179 1173 μέλη
208 1089 263 1153 διά
290 1092 420 1171 πλῆθος
446 1087 643 1173 τραυμάτων
669 1081 772 1171 ἦσαν,
801 1090 1110 1172 καταφρονήσαντες

97 1195 207 1260 αὐτῶν
236 1196 271 1260 οί
295 1191 463 1280 Τυρρηνοὶ
489 1203 658 1278 χωροῦσιν
680 1194 795 1277 ὁμόσε·
828 1191 884 1258 καὶ
907 1194 943 1258 οί
958 1191 1109 1277 Ῥωμαλοι

96 1303 357 1383 προσπίπτοντες
380 1301 490 1384 ὥσπερ
512 1302 617 1383 θηρία
641 1299 765 1385 δόρατά
786 1296 815 1363 τ’
840 1298 951 1364 αὐτῶν
975 1297 1107 1384 έπιλαμ-
1124 1325 1150 1365 ιο

97 1410 277 1490 βανόμενοι
304 1412 487 1491 κατέκλων,
514 1403 568 1470 καλ
596 1404 673 1490 ξίφη
702 1406 917 1490 δραττόμενοι
944 1408 1026 1472 κατὰ
1053 1408 1111 1484 τὰς

97 1512 203 1597 ἀκμάς
226 1512 392 1596 ἀπέσπων,
415 1510 471 1577 καὶ
492 1515 739 1598 περικυλίοντες
761 1513 809 1589 είς
826 1512 887 1594 την
905 1521 974 1595 γῆν
987 1514 1027 1577 τά
1047 1514 1110 1578 σῶ-

96 1641 182 1702 ματα
206 1620 436 1704 συνεφύροντο
460 1624 559 1705 θνμςῶ
582 1619 619 1683 τὸ
642 1621 759 1683 πλεῖον
781 1617 802 1702 ἢ
826 1617 965 1703 δυνάμει
989 1620 1109 1702 διαγω-

96 1728 273 1808 νιζόμενοι.
315 1721 392 1790 ὥστ’
415 1722 524 1789 οὐκέτι
548 1720 715 1810 συνῄεσαν
738 1723 852 1801 αὐτοῖς
873 1726 921 1802 είς
943 1736 1054 1810 χεῖρας
1077 1727 1113 1792 οί
1123 1733 1144 1797 5

95 1828 261 1914 πολέμιοι,
283 1835 321 1897 τό
339 1854 373 1895 τε
392 1826 586 1916 καρτερικὸν
606 1824 859 1915 ἐκπληττόμενοι
877 1841 944 1897 τῶν
963 1832 1109 1919 ἀνδρῶν,
1123 1855 1149 1897 15

95 1933 152 2007 καὶ
179 1938 240 2020 τὴν
263 1935 440 2019 ἀπόνοιαν,
467 1936 510 2019 ἣν
532 1939 813 2021 προσειλήφεσαν,
840 1939 922 2002 κατὰ
944 1939 1005 2021 την
1028 1938 1110 2005 ἀπό-

95 2059 223 2127 γνωσιν
246 2053 306 2108 τοῦ
326 2046 383 2126 ζῆν
403 2044 561 2119 δεδιότες·
586 2039 657 2107 ἀλλ’
676 2041 876 2119 ἀποστάντες
895 2037 996 2119 αὖθις
1014 2045 1110 2128 ἔβαλ-

97 2154 159 2214 λον
182 2148 304 2234 ἀθρόοι
327 2146 382 2212 καὶ
406 2148 516 2226 ξύλοις
539 2145 594 2213 καὶ
617 2151 728 2224 λίθοις
749 2145 804 2212 καλ
824 2147 888 2236 ότφ
908 2149 996 2237 ἀλλφ
1017 2147 1109 2214 έντό-

97 2277 200 2339 χοιεν,
222 2252 277 2319 καὶ
299 2259 514 2331 τελευτῶντες
537 2251 762 2338 ἐγκατέχωσαν
784 2252 906 2329 αὐτοὺς
922 2261 967 2340 τῷ
987 2256 1110 2337 πλήθει

96 2370 164 2426 τῶν
186 2363 303 2442 βελῶν.
350 2361 605 2446 διαφθείραντες
628 2355 665 2424 δέ
687 2360 764 2434 τοὺς
787 2358 911 2442 ἀνδρας
934 2361 1032 2426 ἔθεον
1056 2360 1109 2426 ἐπὶ
1124 2387 1150 2426 εο

96 2468 134 2532 τὸ
165 2467 346 2551 φρούριον,
376 2469 506 2551 ἔχοντες
536 2467 593 2542 τάς
621 2475 688 2530 τῶν
717 2463 983 2548 ἐπιφανεστάτων
1010 2490 1109 2553 κεφα-

98 2573 169 2655 λάς,
192 2572 236 2649 ὡς
259 2572 292 2651 ἐξ
316 2571 441 2658 έφόδον
464 2574 542 2648 τοὺς
565 2572 634 2638 ἐκεῖ
653 2574 934 2655 παραληψόμενοι.
977 2571 1018 2637 οὐ
1041 2574 1108 2656 μην
1128 2581 1148 2645 6

30 2677 246 2763 ιεοιέχῶρησέ
280 2675 313 2761 γ’
345 2678 458 2755 αὐτοῖς
494 2676 569 2743 κατ’
606 2677 722 2743 ἐλπίδα
754 2678 791 2742 τὸ
824 2678 938 2761 ἔργον·
981 2679 1016 2742 oc
1045 2679 1108 2764 γάρ

96 2781 374 2869 καταλειφθέντες
403 2783 440 2851 έν
470 2785 558 2872 αὐτῷ
590 2785 791 2867 ζηλώσαντες
820 2784 857 2848 τὸ
888 2780 1019 2866 εὐγενὲς
1047 2794 1109 2850 τοῦ

97 2891 250 2956 θανάτου
268 2901 335 2956 τῶν
354 2888 389 2955 θ’
412 2888 551 2976 ἑταίρων
571 2888 626 2954 καὶ
644 2889 755 2974 <τῶν>
775 2900 946 2973 συγγενῶν
966 2889 1109 2974 ἐξῆλθον
1124 2915 1150 2955 25

98 2997 207 3080 ὀλίγοι
225 2996 433 3062 παντάπασιν
451 2997 557 3078 όντες,
571 2993 627 3060 καὶ
645 2998 753 3060 πολὺν
771 2995 1015 3080 ἀγωνισάμενοι
1033 3000 1110 3082 χρό-

96 3127 159 3169 νον
181 3099 242 3168 ’τδν
264 3102 367 3168 αὐτὸν
389 3105 514 3189 τρόπον
536 3113 606 3180 τοῖς
629 3099 751 3198 ἑτέροις
769 3103 909 3179 ἀπαντες
927 3102 1110 3188 διεφθάρη-

170 3293 268 3349 ῶτάδ’
291 3290 434 3362 έαγόταΒ
493 3289 720 3366 ἵλξ<αι>μοίΒ
779 3299 812 3347 22
831 3292 1110 3366 παραλ<η>ψόμενοι

97 3365 144 3420 Bb
221 3372 255 3420 23
274 3364 372 3419 *κατὰ
389 3365 440 3434 τὴν
460 3359 560 3419 ἐλπίδα
579 3363 602 3419 Ο
622 3366 728 3419 correxi
803 3369 838 3417 25
857 3358 1022 3438 ἕτ<αί>ρων
1040 3363 1107 3435 Bb!

97 3445 153 3491 τῶν
173 3436 237 3491 add.
257 3435 377 3506 Sylburg
455 3442 489 3490 27
509 3434 750 3510 διεφθάρ<η>οαν
768 3433 815 3487 Bb
