<?xml version="1.0" encoding="UTF-8"?>
<!DOCTYPE html PUBLIC "-//W3C//DTD XHTML 1.0 Transitional//EN"
    "http://www.w3.org/TR/xhtml1/DTD/xhtml1-transitional.dtd">
<html xmlns="http://www.w3.org/1999/xhtml" xml:lang="en" lang="en">
 <head>
  <title>
</title>
<meta http-equiv="Content-Type" content="text/html;charset=utf-8" />
  <meta name='ocr-system' content='tesseract 3.04.00' />
  <meta name='ocr-capabilities' content='ocr_page ocr_carea ocr_par ocr_line ocrx_word'/>
</head>
<body>
  <div class='ocr_page' id='page_1' title='image "./dionysihalicarn04diongoog_0155.png"; bbox 0 0 2424 3848; ppageno 0'>
   <div class='ocr_carea' id='block_1_1' title="bbox 524 181 691 230">
    <p class='ocr_par' dir='ltr' id='par_1_1' title="bbox 524 181 691 230">
     <span class='ocr_line' id='line_1_1' title="bbox 524 181 691 230; baseline 0 -11"><span class='ocrx_word' id='word_1_1' title='bbox 524 181 691 230; x_wconf 80' lang='grc' dir='ltr'>..Η-</span> 
     </span>
    </p>
   </div>
   <div class='ocr_carea' id='block_1_2' title="bbox 59 338 1163 2024">
    <p class='ocr_par' dir='ltr' id='par_1_2' title="bbox 59 338 1163 2024">
     <span class='ocr_line' id='line_1_2' title="bbox 99 338 1118 425; baseline -0.002 -17"><span class='ocrx_word' id='word_1_2' title='bbox 99 353 301 425; x_wconf 83' lang='grc' dir='ltr'><strong><em>συναγαγείν</em></strong></span> <span class='ocrx_word' id='word_1_3' title='bbox 329 341 364 406; x_wconf 85' lang='grc' dir='ltr'><strong><em>ἐκ</em></strong></span> <span class='ocrx_word' id='word_1_4' title='bbox 390 343 578 424; x_wconf 78' lang='grc' dir='ltr'><strong><em>καταλόγου</em></strong></span> <span class='ocrx_word' id='word_1_5' title='bbox 601 338 656 405; x_wconf 82' lang='grc' dir='ltr'><strong><em>καὶ</em></strong></span> <span class='ocrx_word' id='word_1_6' title='bbox 679 341 740 424; x_wconf 81' lang='grc' dir='ltr'><strong><em>τῆν</em></strong></span> <span class='ocrx_word' id='word_1_7' title='bbox 762 343 862 408; x_wconf 92' lang='grc' dir='ltr'><strong><em>πόλιν</em></strong></span> <span class='ocrx_word' id='word_1_8' title='bbox 885 341 943 405; x_wconf 88' lang='grc' dir='ltr'><strong><em>διά</em></strong></span> <span class='ocrx_word' id='word_1_9' title='bbox 965 347 1118 425; x_wconf 75' lang='grc' dir='ltr'><strong><em>φυλακῆς</em></strong></span> 
     </span>
     <span class='ocr_line' id='line_1_3' title="bbox 100 447 1118 534; baseline -0.001 -21"><span class='ocrx_word' id='word_1_10' title='bbox 100 451 188 534; x_wconf 87' lang='grc' dir='ltr'><strong><em>ἐχειν</em></strong></span> <span class='ocrx_word' id='word_1_11' title='bbox 215 447 270 513; x_wconf 83' lang='grc' dir='ltr'><strong><em>καὶ</em></strong></span> <span class='ocrx_word' id='word_1_12' title='bbox 298 450 377 525; x_wconf 87' lang='grc' dir='ltr'><strong><em>τοὺς</em></strong></span> <span class='ocrx_word' id='word_1_13' title='bbox 405 447 598 533; x_wconf 80' lang='grc' dir='ltr'><em>συμμάχους</em></span> <span class='ocrx_word' id='word_1_14' title='bbox 623 451 843 532; x_wconf 75' lang='grc' dir='ltr'><strong><em>παρακαλεῖν,</em></strong></span> <span class='ocrx_word' id='word_1_15' title='bbox 869 448 919 524; x_wconf 85' lang='grc' dir='ltr'><strong><em>είς</em></strong></span> <span class='ocrx_word' id='word_1_16' title='bbox 945 447 1118 533; x_wconf 75' lang='grc' dir='ltr'><strong><em>ὕπαιθρον</em></strong></span> 
     </span>
     <span class='ocr_line' id='line_1_4' title="bbox 101 551 1117 640; baseline -0.001 -20"><span class='ocrx_word' id='word_1_17' title='bbox 101 552 139 620; x_wconf 74' lang='grc' dir='ltr'><strong><em>δὲ</em></strong></span> <span class='ocrx_word' id='word_1_18' title='bbox 156 556 252 639; x_wconf 82' lang='grc' dir='ltr'><strong><em>μήπω</em></strong></span> <span class='ocrx_word' id='word_1_19' title='bbox 271 555 330 630; x_wconf 84' lang='grc' dir='ltr'><strong><em>τάς</em></strong></span> <span class='ocrx_word' id='word_1_20' title='bbox 348 554 506 637; x_wconf 92' lang='grc' dir='ltr'><strong><em>δυνάμεις</em></strong></span> <span class='ocrx_word' id='word_1_21' title='bbox 525 551 666 637; x_wconf 84' lang='grc' dir='ltr'><strong><em>ἐξάγειν,</em></strong></span> <span class='ocrx_word' id='word_1_22' title='bbox 689 552 751 630; x_wconf 75' lang='grc' dir='ltr'><strong><em>ἕως</em></strong></span> <span class='ocrx_word' id='word_1_23' title='bbox 769 552 811 618; x_wconf 87' lang='grc' dir='ltr'><strong><em>ἀν</em></strong></span> <span class='ocrx_word' id='word_1_24' title='bbox 829 553 959 618; x_wconf 77' lang='grc' dir='ltr'><strong><em>ἅπαντα</em></strong></span> <span class='ocrx_word' id='word_1_25' title='bbox 976 552 1117 640; x_wconf 79' lang='grc' dir='ltr'><strong><em>εὐτρεπῆ</em></strong></span> 
     </span>
     <span class='ocr_line' id='line_1_5' title="bbox 100 655 1119 746; baseline -0.001 -20"><span class='ocrx_word' id='word_1_26' title='bbox 100 660 243 746; x_wconf 87' lang='grc' dir='ltr'><strong><em>γένηται,</em></strong></span> <span class='ocrx_word' id='word_1_27' title='bbox 287 659 343 725; x_wconf 83' lang='grc' dir='ltr'><strong><em>καὶ</em></strong></span> <span class='ocrx_word' id='word_1_28' title='bbox 366 660 384 726; x_wconf 88' lang='grc' dir='ltr'><strong><em>δ</em></strong></span> <span class='ocrx_word' id='word_1_29' title='bbox 409 661 512 745; x_wconf 90' lang='grc' dir='ltr'><strong><em>δῆμος</em></strong></span> <span class='ocrx_word' id='word_1_30' title='bbox 535 657 625 725; x_wconf 86' lang='grc' dir='ltr'><strong><em>ταῦτ’</em></strong></span> <span class='ocrx_word' id='word_1_31' title='bbox 648 659 866 746; x_wconf 80' lang='grc' dir='ltr'><strong><em>ἐπεκύρωσεν.</em></strong></span> <span class='ocrx_word' id='word_1_32' title='bbox 910 655 955 744; x_wconf 80' lang='grc' dir='ltr'><strong><em>ῆν</em></strong></span> <span class='ocrx_word' id='word_1_33' title='bbox 977 655 1017 724; x_wconf 76' lang='grc' dir='ltr'><strong><em>δέ</em></strong></span> <span class='ocrx_word' id='word_1_34' title='bbox 1039 663 1119 745; x_wconf 80' lang='grc' dir='ltr'><strong><em>βρα-</em></strong></span> 
     </span>
     <span class='ocr_line' id='line_1_6' title="bbox 73 762 1113 854; baseline 0.003 -26"><span class='ocrx_word' id='word_1_35' title='bbox 73 772 161 854; x_wconf 84' lang='grc' dir='ltr'><strong><em>εχὺς</em></strong></span> <span class='ocrx_word' id='word_1_36' title='bbox 184 767 202 833; x_wconf 88' lang='grc' dir='ltr'>ὁ</span> <span class='ocrx_word' id='word_1_37' title='bbox 225 771 420 851; x_wconf 85' lang='grc' dir='ltr'><strong><em>λειπόμενος</em></strong></span> <span class='ocrx_word' id='word_1_38' title='bbox 440 775 498 850; x_wconf 88' lang='grc' dir='ltr'><strong><em>τῆς</em></strong></span> <span class='ocrx_word' id='word_1_39' title='bbox 515 765 618 852; x_wconf 85' lang='grc' dir='ltr'><strong><em>ἀρχῆς</em></strong></span> <span class='ocrx_word' id='word_1_40' title='bbox 635 777 705 844; x_wconf 83' lang='grc' dir='ltr'><strong><em>τοῖς</em></strong></span> <span class='ocrx_word' id='word_1_41' title='bbox 723 767 862 844; x_wconf 80' lang='grc' dir='ltr'><strong><em>ὑπάτοις</em></strong></span> <span class='ocrx_word' id='word_1_42' title='bbox 879 768 1012 852; x_wconf 90' lang='grc' dir='ltr'><strong><em>χρόνος,</em></strong></span> <span class='ocrx_word' id='word_1_43' title='bbox 1035 762 1113 832; x_wconf 75' lang='grc' dir='ltr'><strong><em>ὥστ’</em></strong></span> 
     </span>
     <span class='ocr_line' id='line_1_7' title="bbox 99 869 1118 959; baseline -0.002 -19"><span class='ocrx_word' id='word_1_44' title='bbox 99 870 200 940; x_wconf 76' lang='grc' dir='ltr'><strong><em>οὐδὲν</em></strong></span> <span class='ocrx_word' id='word_1_45' title='bbox 228 875 381 959; x_wconf 78' lang='grc' dir='ltr'><strong><em>ἔφθασαν</em></strong></span> <span class='ocrx_word' id='word_1_46' title='bbox 408 884 476 938; x_wconf 83' lang='grc' dir='ltr'><strong><em>τῶν</em></strong></span> <span class='ocrx_word' id='word_1_47' title='bbox 504 870 739 958; x_wconf 79' lang='grc' dir='ltr'><strong><em>ἐψηφισμένων</em></strong></span> <span class='ocrx_word' id='word_1_48' title='bbox 768 869 821 938; x_wconf 84' lang='grc' dir='ltr'><strong><em>ἐπὶ</em></strong></span> <span class='ocrx_word' id='word_1_49' title='bbox 848 870 1118 955; x_wconf 81' lang='grc' dir='ltr'><strong><em>τέλοςάγαγείν,</em></strong></span> 
     </span>
     <span class='ocr_line' id='line_1_8' title="bbox 99 975 1119 1066; baseline 0.002 -23"><span class='ocrx_word' id='word_1_50' title='bbox 99 979 183 1046; x_wconf 84' lang='grc' dir='ltr'><strong><em>ἀλλά</em></strong></span> <span class='ocrx_word' id='word_1_51' title='bbox 218 979 408 1066; x_wconf 76' lang='grc' dir='ltr'><strong><em>παρέδοσαν</em></strong></span> <span class='ocrx_word' id='word_1_52' title='bbox 442 980 581 1063; x_wconf 76' lang='grc' dir='ltr'><strong><em>ἡμιτελῆ</em></strong></span> <span class='ocrx_word' id='word_1_53' title='bbox 614 980 720 1045; x_wconf 89' lang='grc' dir='ltr'><strong><em>πάντα</em></strong></span> <span class='ocrx_word' id='word_1_54' title='bbox 755 990 826 1058; x_wconf 75' lang='grc' dir='ltr'><strong><em>τοῖς</em></strong></span> <span class='ocrx_word' id='word_1_55' title='bbox 862 975 940 1063; x_wconf 86' lang='grc' dir='ltr'><strong><em>μεθ’</em></strong></span> <span class='ocrx_word' id='word_1_56' title='bbox 979 975 1119 1056; x_wconf 79' lang='grc' dir='ltr'><strong><em>ἑαυτοὺς</em></strong></span> 
     </span>
     <span class='ocr_line' id='line_1_9' title="bbox 99 1086 246 1164; baseline 0.014 -12"><span class='ocrx_word' id='word_1_57' title='bbox 99 1086 246 1164; x_wconf 81' lang='grc' dir='ltr'><strong><em>ὑπάτοις.</em></strong></span> 
     </span>
     <span class='ocr_line' id='line_1_10' title="bbox 164 1189 1118 1279; baseline 0.001 -21"><span class='ocrx_word' id='word_1_58' title='bbox 164 1193 253 1258; x_wconf 89' lang='lat' dir='ltr'>XVI.</span> <span class='ocrx_word' id='word_1_59' title='bbox 283 1195 327 1259; x_wconf 86' lang='grc' dir='ltr'><strong><em>Οί</em></strong></span> <span class='ocrx_word' id='word_1_60' title='bbox 347 1189 384 1258; x_wconf 80' lang='grc' dir='ltr'><strong><em>δέ</em></strong></span> <span class='ocrx_word' id='word_1_61' title='bbox 401 1193 490 1278; x_wconf 84' lang='grc' dir='ltr'><strong><em>παρά</em></strong></span> <span class='ocrx_word' id='word_1_62' title='bbox 507 1194 637 1258; x_wconf 90' lang='grc' dir='ltr'><strong><em>τούτων</em></strong></span> <span class='ocrx_word' id='word_1_63' title='bbox 655 1195 716 1278; x_wconf 80' lang='grc' dir='ltr'><strong><em>τῆν</em></strong></span> <span class='ocrx_word' id='word_1_64' title='bbox 736 1193 841 1279; x_wconf 81' lang='grc' dir='ltr'><strong><em>ἀρχὴν</em></strong></span> <span class='ocrx_word' id='word_1_65' title='bbox 859 1196 1118 1278; x_wconf 78' lang='grc' dir='ltr'><strong><em>παραλαβόντες,</em></strong></span> 
     </span>
     <span class='ocr_line' id='line_1_11' title="bbox 59 1296 1163 1386; baseline 0.002 -25"><span class='ocrx_word' id='word_1_66' title='bbox 59 1321 86 1361; x_wconf 90' lang='lat'><strong><em>10</em></strong></span> <span class='ocrx_word' id='word_1_67' title='bbox 100 1303 248 1386; x_wconf 81' lang='grc' dir='ltr'><strong><em>Σπόριος</em></strong></span> <span class='ocrx_word' id='word_1_68' title='bbox 278 1300 428 1376; x_wconf 82' lang='grc' dir='ltr'><strong><em>Ναύτιος</em></strong></span> <span class='ocrx_word' id='word_1_69' title='bbox 458 1296 514 1363; x_wconf 81' lang='grc' dir='ltr'><strong><em>καὶ</em></strong></span> <span class='ocrx_word' id='word_1_70' title='bbox 546 1298 668 1378; x_wconf 80' lang='grc' dir='ltr'><strong><em>Σέξτος</em></strong></span> <span class='ocrx_word' id='word_1_71' title='bbox 696 1301 859 1384; x_wconf 85' lang='grc' dir='ltr'><strong><em>Φούριος,</em></strong></span> <span class='ocrx_word' id='word_1_72' title='bbox 891 1300 1050 1385; x_wconf 90' lang='grc' dir='ltr'><strong><em>στρατιάν</em></strong></span> <span class='ocrx_word' id='word_1_73' title='bbox 1078 1297 1163 1365; x_wconf 75' lang='grc' dir='ltr'><strong><em>θ’ῑῑ</em></strong></span> 
     </span>
     <span class='ocr_line' id='line_1_12' title="bbox 99 1405 1117 1491; baseline 0 -19"><span class='ocrx_word' id='word_1_74' title='bbox 99 1408 182 1491; x_wconf 85' lang='grc' dir='ltr'><strong><em>όσην</em></strong></span> <span class='ocrx_word' id='word_1_75' title='bbox 202 1405 363 1472; x_wconf 79' lang='grc' dir='ltr'><strong><em>ἐδύναντο</em></strong></span> <span class='ocrx_word' id='word_1_76' title='bbox 381 1409 539 1488; x_wconf 80' lang='grc' dir='ltr'><strong><em>πλείστην</em></strong></span> <span class='ocrx_word' id='word_1_77' title='bbox 558 1405 594 1471; x_wconf 86' lang='grc' dir='ltr'><strong><em>ἐκ</em></strong></span> <span class='ocrx_word' id='word_1_78' title='bbox 611 1416 673 1472; x_wconf 86' lang='grc' dir='ltr'><strong><em>τοῦ</em></strong></span> <span class='ocrx_word' id='word_1_79' title='bbox 690 1411 862 1472; x_wconf 87' lang='grc' dir='ltr'><strong><em>πολιτικοῦ</em></strong></span> <span class='ocrx_word' id='word_1_80' title='bbox 875 1407 1117 1489; x_wconf 74' lang='grc' dir='ltr'><strong><em>κατεστήσαντο</em></strong></span> 
     </span>
     <span class='ocr_line' id='line_1_13' title="bbox 99 1510 1119 1598; baseline 0 -20"><span class='ocrx_word' id='word_1_81' title='bbox 99 1515 301 1597; x_wconf 80' lang='grc' dir='ltr'><strong><em>καταλόγου,</em></strong></span> <span class='ocrx_word' id='word_1_82' title='bbox 328 1510 383 1578; x_wconf 83' lang='grc' dir='ltr'><strong><em>καὶ</em></strong></span> <span class='ocrx_word' id='word_1_83' title='bbox 410 1515 620 1598; x_wconf 85' lang='grc' dir='ltr'><strong><em>φρυκτωρίας</em></strong></span> <span class='ocrx_word' id='word_1_84' title='bbox 646 1510 702 1578; x_wconf 81' lang='grc' dir='ltr'><strong><em>καὶ</em></strong></span> <span class='ocrx_word' id='word_1_85' title='bbox 730 1514 874 1589; x_wconf 84' lang='grc' dir='ltr'><strong><em>σκοποὺς</em></strong></span> <span class='ocrx_word' id='word_1_86' title='bbox 897 1510 1029 1591; x_wconf 82' lang='grc' dir='ltr'><strong><em>ἐντοῖς</em></strong></span> <span class='ocrx_word' id='word_1_87' title='bbox 1052 1512 1119 1578; x_wconf 92' lang='grc' dir='ltr'><strong><em>ἐπι-</em></strong></span> 
     </span>
     <span class='ocr_line' id='line_1_14' title="bbox 98 1615 1127 1705; baseline 0 -21"><span class='ocrx_word' id='word_1_88' title='bbox 98 1619 305 1705; x_wconf 90' lang='grc' dir='ltr'><strong><em>καιροτάτοις</em></strong></span> <span class='ocrx_word' id='word_1_89' title='bbox 335 1622 512 1704; x_wconf 85' lang='grc' dir='ltr'><strong><em>φρουρίοις</em></strong></span> <span class='ocrx_word' id='word_1_90' title='bbox 542 1617 674 1703; x_wconf 84' lang='grc' dir='ltr'><strong><em>ἐταξαν,</em></strong></span> <span class='ocrx_word' id='word_1_91' title='bbox 706 1621 763 1684; x_wconf 81' lang='grc' dir='ltr'><strong><em>ἵνα</em></strong></span> <span class='ocrx_word' id='word_1_92' title='bbox 792 1615 898 1703; x_wconf 70' lang='grc' dir='ltr'><strong><em>μηδὲν</em></strong></span> <span class='ocrx_word' id='word_1_93' title='bbox 928 1617 1127 1702; x_wconf 80' lang='grc' dir='ltr'><strong><em>ἀγνοήσωσι</em></strong></span> 
     </span>
     <span class='ocr_line' id='line_1_15' title="bbox 99 1723 1133 1811; baseline 0.002 -21"><span class='ocrx_word' id='word_1_94' title='bbox 99 1737 167 1790; x_wconf 84' lang='grc' dir='ltr'><strong><em>τῶν</em></strong></span> <span class='ocrx_word' id='word_1_95' title='bbox 186 1723 239 1789; x_wconf 82' lang='grc' dir='ltr'><strong><em>ἐπὶ</em></strong></span> <span class='ocrx_word' id='word_1_96' title='bbox 258 1735 315 1809; x_wconf 89' lang='grc' dir='ltr'><strong><em>τῆς</em></strong></span> <span class='ocrx_word' id='word_1_97' title='bbox 333 1726 441 1809; x_wconf 87' lang='grc' dir='ltr'><strong><em>χώρας</em></strong></span> <span class='ocrx_word' id='word_1_98' title='bbox 458 1724 705 1810; x_wconf 82' lang='grc' dir='ltr'><strong><em>πραττομένων·</em></strong></span> <span class='ocrx_word' id='word_1_99' title='bbox 728 1724 878 1811; x_wconf 78' lang='grc' dir='ltr'><strong><em>χρήματά</em></strong></span> <span class='ocrx_word' id='word_1_100' title='bbox 895 1747 932 1790; x_wconf 85' lang='grc' dir='ltr'><strong><em>τε</em></strong></span> <span class='ocrx_word' id='word_1_101' title='bbox 949 1723 1007 1790; x_wconf 81' lang='grc' dir='ltr'><strong><em>καὶ</em></strong></span> <span class='ocrx_word' id='word_1_102' title='bbox 1026 1736 1133 1792; x_wconf 79' lang='grc' dir='ltr'><strong><em>σῖτον</em></strong></span> 
     </span>
     <span class='ocr_line' id='line_1_16' title="bbox 62 1797 1138 1921; baseline 0.001 -24"><span class='ocrx_word' id='word_1_103' title='bbox 62 1797 156 1910; x_wconf 53' lang='lat' dir='ltr'><strong><em>guaz</em></strong></span> <span class='ocrx_word' id='word_1_104' title='bbox 180 1831 264 1896; x_wconf 88' lang='grc' dir='ltr'><strong><em>όπλα</em></strong></span> <span class='ocrx_word' id='word_1_105' title='bbox 286 1831 324 1897; x_wconf 82' lang='grc' dir='ltr'><strong><em>ἐν</em></strong></span> <span class='ocrx_word' id='word_1_106' title='bbox 348 1832 449 1920; x_wconf 79' lang='grc' dir='ltr'><strong><em>ὀλίγῳ</em></strong></span> <span class='ocrx_word' id='word_1_107' title='bbox 472 1835 581 1921; x_wconf 78' lang='grc' dir='ltr'><strong><em>χρόνῳ</em></strong></span> <span class='ocrx_word' id='word_1_108' title='bbox 604 1833 711 1899; x_wconf 85' lang='grc' dir='ltr'><strong><em>πολλά</em></strong></span> <span class='ocrx_word' id='word_1_109' title='bbox 731 1832 962 1917; x_wconf 76' lang='grc' dir='ltr'><strong><em>ἡτοιμάσαντο.</em></strong></span> <span class='ocrx_word' id='word_1_110' title='bbox 998 1833 1041 1897; x_wconf 83' lang='grc' dir='ltr'><strong><em>τά</em></strong></span> <span class='ocrx_word' id='word_1_111' title='bbox 1059 1829 1138 1918; x_wconf 72' lang='grc' dir='ltr'><strong><em>μὲν</em></strong></span> 
     </span>
     <span class='ocr_line' id='line_1_17' title="bbox 100 1935 1133 2024; baseline 0 -20"><span class='ocrx_word' id='word_1_112' title='bbox 100 1935 162 2004; x_wconf 85' lang='grc' dir='ltr'><strong><em>οὖν</em></strong></span> <span class='ocrx_word' id='word_1_113' title='bbox 191 1941 295 2004; x_wconf 80' lang='grc' dir='ltr'><strong><em>οίκεῖα</em></strong></span> <span class='ocrx_word' id='word_1_114' title='bbox 322 1939 567 2024; x_wconf 86' lang='grc' dir='ltr'><strong><em>παρεσκεύαστο</em></strong></span> <span class='ocrx_word' id='word_1_115' title='bbox 596 1938 708 2016; x_wconf 81' lang='grc' dir='ltr'><strong><em>αὐτοῖς</em></strong></span> <span class='ocrx_word' id='word_1_116' title='bbox 731 1939 776 2016; x_wconf 82' lang='grc' dir='ltr'><strong><em>ὡς</em></strong></span> <span class='ocrx_word' id='word_1_117' title='bbox 799 1937 879 2023; x_wconf 90' lang='grc' dir='ltr'><strong><em>ένῆν</em></strong></span> <span class='ocrx_word' id='word_1_118' title='bbox 902 1938 1037 2024; x_wconf 86' lang='grc' dir='ltr'><strong><em>άριστα,</em></strong></span> <span class='ocrx_word' id='word_1_119' title='bbox 1065 1937 1133 2004; x_wconf 65' lang='grc' dir='ltr'><strong><em>καί,</em></strong></span> 
     </span>
    </p>
   </div>
   <div class='ocr_carea' id='block_1_3' title="bbox 61 2040 1129 2771">
    <p class='ocr_par' dir='ltr' id='par_1_3' title="bbox 61 2040 1129 2771">
     <span class='ocr_line' id='line_1_18' title="bbox 90 2040 1129 2131; baseline -0.001 -19"><span class='ocrx_word' id='word_1_120' title='bbox 90 2042 201 2113; x_wconf 77' lang='grc' dir='ltr'><strong><em>οὐδὲν</em></strong></span> <span class='ocrx_word' id='word_1_121' title='bbox 231 2046 341 2111; x_wconf 85' lang='grc' dir='ltr'><strong><em>αὐτῶν</em></strong></span> <span class='ocrx_word' id='word_1_122' title='bbox 373 2047 420 2109; x_wconf 86' lang='grc' dir='ltr'><strong><em>ἐτι</em></strong></span> <span class='ocrx_word' id='word_1_123' title='bbox 451 2045 523 2109; x_wconf 81' lang='grc' dir='ltr'><strong><em>δεῖν</em></strong></span> <span class='ocrx_word' id='word_1_124' title='bbox 554 2043 675 2110; x_wconf 89' lang='grc' dir='ltr'><strong><em>ἐδόκει·</em></strong></span> <span class='ocrx_word' id='word_1_125' title='bbox 707 2046 748 2110; x_wconf 84' lang='grc' dir='ltr'><strong><em>τά</em></strong></span> <span class='ocrx_word' id='word_1_126' title='bbox 776 2040 813 2110; x_wconf 73' lang='grc' dir='ltr'><strong><em>δὲ</em></strong></span> <span class='ocrx_word' id='word_1_127' title='bbox 841 2045 1030 2129; x_wconf 78' lang='grc' dir='ltr'><strong><em>συμμαχικὰ</em></strong></span> <span class='ocrx_word' id='word_1_128' title='bbox 1059 2046 1129 2131; x_wconf 84' lang='grc' dir='ltr'><strong><em>οὐχ</em></strong></span> 
     </span>
     <span class='ocr_line' id='line_1_19' title="bbox 90 2139 1128 2236; baseline -0.001 -18"><span class='ocrx_word' id='word_1_129' title='bbox 90 2154 227 2218; x_wconf 84' lang='grc' dir='ltr'><strong><em>άπαντα</em></strong></span> <span class='ocrx_word' id='word_1_130' title='bbox 259 2152 407 2235; x_wconf 76' lang='grc' dir='ltr'><strong><em>ὑπήκουε</em></strong></span> <span class='ocrx_word' id='word_1_131' title='bbox 438 2151 621 2236; x_wconf 83' lang='grc' dir='ltr'><strong><em>προθύμως</em></strong></span> <span class='ocrx_word' id='word_1_132' title='bbox 654 2139 789 2216; x_wconf 83' lang='grc' dir='ltr'><strong><em>ἑκούσιά</em></strong></span> <span class='ocrx_word' id='word_1_133' title='bbox 819 2143 848 2215; x_wconf 88' lang='grc' dir='ltr'><strong><em>τ’</em></strong></span> <span class='ocrx_word' id='word_1_134' title='bbox 879 2150 941 2216; x_wconf 86' lang='grc' dir='ltr'><strong><em>οὐκ</em></strong></span> <span class='ocrx_word' id='word_1_135' title='bbox 972 2146 1033 2235; x_wconf 78' lang='grc' dir='ltr'><strong><em>ῆν,</em></strong></span> <span class='ocrx_word' id='word_1_136' title='bbox 1067 2144 1128 2219; x_wconf 86' lang='grc' dir='ltr'><strong><em>οἷα</em></strong></span> 
     </span>
     <span class='ocr_line' id='line_1_20' title="bbox 100 2253 1124 2344; baseline 0 -20"><span class='ocrx_word' id='word_1_137' title='bbox 100 2259 311 2344; x_wconf 91' lang='grc' dir='ltr'><strong><em>συνάρασθαι</em></strong></span> <span class='ocrx_word' id='word_1_138' title='bbox 340 2267 400 2322; x_wconf 86' lang='grc' dir='ltr'><strong><em>τοῦ</em></strong></span> <span class='ocrx_word' id='word_1_139' title='bbox 428 2255 590 2341; x_wconf 88' lang='grc' dir='ltr'><strong><em>πολέμου,</em></strong></span> <span class='ocrx_word' id='word_1_140' title='bbox 623 2254 698 2322; x_wconf 77' lang='grc' dir='ltr'><strong><em>ὥστ’</em></strong></span> <span class='ocrx_word' id='word_1_141' title='bbox 729 2253 809 2323; x_wconf 71' lang='grc' dir='ltr'><strong><em>οὐδὲ</em></strong></span> <span class='ocrx_word' id='word_1_142' title='bbox 834 2258 1124 2343; x_wconf 81' lang='grc' dir='ltr'><strong><em>προσαναγκάζειν</em></strong></span> 
     </span>
     <span class='ocr_line' id='line_1_21' title="bbox 61 2361 1123 2450; baseline 0.002 -24"><span class='ocrx_word' id='word_1_143' title='bbox 61 2386 87 2426; x_wconf 81' lang='grc' dir='ltr'><strong><em>εο</em></strong></span> <span class='ocrx_word' id='word_1_144' title='bbox 100 2365 184 2430; x_wconf 84' lang='grc' dir='ltr'><strong><em>αὐτὰ</em></strong></span> <span class='ocrx_word' id='word_1_145' title='bbox 212 2362 327 2450; x_wconf 78' lang='grc' dir='ltr'><strong><em>ἠξίουν</em></strong></span> <span class='ocrx_word' id='word_1_146' title='bbox 350 2364 555 2447; x_wconf 83' lang='grc' dir='ltr'><strong><em>φοβούμενοι</em></strong></span> <span class='ocrx_word' id='word_1_147' title='bbox 578 2364 771 2449; x_wconf 88' lang='grc' dir='ltr'><strong><em>προδοσίαν.</em></strong></span> <span class='ocrx_word' id='word_1_148' title='bbox 815 2364 880 2447; x_wconf 82' lang='grc' dir='ltr'><strong><em>ῆδη</em></strong></span> <span class='ocrx_word' id='word_1_149' title='bbox 904 2361 945 2428; x_wconf 88' lang='grc' dir='ltr'><strong><em>δέ</em></strong></span> <span class='ocrx_word' id='word_1_150' title='bbox 964 2387 1043 2430; x_wconf 92' lang='grc' dir='ltr'><strong><em>τινα</em></strong></span> <span class='ocrx_word' id='word_1_151' title='bbox 1065 2362 1123 2431; x_wconf 81' lang='grc' dir='ltr'><strong><em>καὶ</em></strong></span> 
     </span>
     <span class='ocr_line' id='line_1_22' title="bbox 100 2457 1119 2556; baseline 0.002 -20"><span class='ocrx_word' id='word_1_152' title='bbox 100 2471 261 2556; x_wconf 82' lang='grc' dir='ltr'><strong><em>ἀφίστατο</em></strong></span> <span class='ocrx_word' id='word_1_153' title='bbox 285 2470 395 2534; x_wconf 85' lang='grc' dir='ltr'><strong><em>αὐτῶν</em></strong></span> <span class='ocrx_word' id='word_1_154' title='bbox 419 2469 455 2534; x_wconf 89' lang='grc' dir='ltr'><strong><em>ἐκ</em></strong></span> <span class='ocrx_word' id='word_1_155' title='bbox 477 2479 538 2534; x_wconf 87' lang='grc' dir='ltr'><strong><em>τοῦ</em></strong></span> <span class='ocrx_word' id='word_1_156' title='bbox 560 2457 710 2555; x_wconf 83' lang='grc' dir='ltr'><strong><em>φανεροῦ</em></strong></span> <span class='ocrx_word' id='word_1_157' title='bbox 729 2468 785 2535; x_wconf 82' lang='grc' dir='ltr'><strong><em>καὶ</em></strong></span> <span class='ocrx_word' id='word_1_158' title='bbox 803 2480 873 2546; x_wconf 74' lang='grc' dir='ltr'><strong><em>τοῖς</em></strong></span> <span class='ocrx_word' id='word_1_159' title='bbox 893 2468 1119 2549; x_wconf 88' lang='grc' dir='ltr'><strong><em>Οὐολούσκοις</em></strong></span> 
     </span>
     <span class='ocr_line' id='line_1_23' title="bbox 66 2571 1118 2662; baseline -0.002 -16"><span class='ocrx_word' id='word_1_160' title='bbox 66 2578 339 2661; x_wconf 85' lang='grc' dir='ltr'><strong><em>3συνελάμβανε.</em></strong></span> <span class='ocrx_word' id='word_1_161' title='bbox 383 2586 508 2661; x_wconf 82' lang='grc' dir='ltr'><strong><em>πρῶτοι</em></strong></span> <span class='ocrx_word' id='word_1_162' title='bbox 538 2572 568 2641; x_wconf 91' lang='grc' dir='ltr'><strong><em>δ’</em></strong></span> <span class='ocrx_word' id='word_1_163' title='bbox 594 2571 699 2662; x_wconf 74' lang='grc' dir='ltr'><strong><em>ἦρξαν</em></strong></span> <span class='ocrx_word' id='word_1_164' title='bbox 722 2575 865 2642; x_wconf 80' lang='grc' dir='ltr'><strong><em>Αἰκανοὶ</em></strong></span> <span class='ocrx_word' id='word_1_165' title='bbox 892 2584 951 2659; x_wconf 88' lang='grc' dir='ltr'><strong><em>τῆς</em></strong></span> <span class='ocrx_word' id='word_1_166' title='bbox 976 2576 1118 2644; x_wconf 85' lang='grc' dir='ltr'><strong><em>ἀποστά-</em></strong></span> 
     </span>
     <span class='ocr_line' id='line_1_24' title="bbox 101 2681 1117 2771; baseline -0.001 -20"><span class='ocrx_word' id='word_1_167' title='bbox 101 2704 200 2768; x_wconf 89' lang='grc' dir='ltr'><strong><em>σεως,</em></strong></span> <span class='ocrx_word' id='word_1_168' title='bbox 227 2685 294 2768; x_wconf 87' lang='grc' dir='ltr'><strong><em>άμα</em></strong></span> <span class='ocrx_word' id='word_1_169' title='bbox 321 2693 366 2771; x_wconf 77' lang='grc' dir='ltr'><strong><em>τῷ</em></strong></span> <span class='ocrx_word' id='word_1_170' title='bbox 394 2691 555 2766; x_wconf 80' lang='grc' dir='ltr'><strong><em>συστῆναι</em></strong></span> <span class='ocrx_word' id='word_1_171' title='bbox 581 2684 642 2748; x_wconf 92' lang='grc' dir='ltr'><strong><em>τὸν</em></strong></span> <span class='ocrx_word' id='word_1_172' title='bbox 663 2686 810 2767; x_wconf 88' lang='grc' dir='ltr'><strong><em>πόλεμον</em></strong></span> <span class='ocrx_word' id='word_1_173' title='bbox 833 2682 938 2759; x_wconf 83' lang='grc' dir='ltr'><strong><em>εὐθὺς</em></strong></span> <span class='ocrx_word' id='word_1_174' title='bbox 961 2681 1117 2761; x_wconf 83' lang='grc' dir='ltr'><strong><em>ἐλθόντες</em></strong></span> 
     </span>
    </p>
   </div>
   <div class='ocr_carea' id='block_1_4' title="bbox 62 2786 1156 3090">
    <p class='ocr_par' dir='ltr' id='par_1_4' title="bbox 62 2786 1156 3090">
     <span class='ocr_line' id='line_1_25' title="bbox 101 2786 1116 2876; baseline -0.001 -19"><span class='ocrx_word' id='word_1_175' title='bbox 101 2794 146 2870; x_wconf 81' lang='grc' dir='ltr'><strong><em>ὡς</em></strong></span> <span class='ocrx_word' id='word_1_176' title='bbox 167 2795 245 2868; x_wconf 83' lang='grc' dir='ltr'><strong><em>τοὺς</em></strong></span> <span class='ocrx_word' id='word_1_177' title='bbox 270 2791 505 2866; x_wconf 85' lang='grc' dir='ltr'><strong><em>Οὐολούσκους</em></strong></span> <span class='ocrx_word' id='word_1_178' title='bbox 527 2786 582 2854; x_wconf 83' lang='grc' dir='ltr'><strong><em>καὶ</em></strong></span> <span class='ocrx_word' id='word_1_179' title='bbox 606 2793 794 2875; x_wconf 90' lang='grc' dir='ltr'><strong><em>συμμαχίαν</em></strong></span> <span class='ocrx_word' id='word_1_180' title='bbox 811 2786 887 2874; x_wconf 87' lang='grc' dir='ltr'><strong><em>μεθ’</em></strong></span> <span class='ocrx_word' id='word_1_181' title='bbox 908 2789 1022 2876; x_wconf 85' lang='grc' dir='ltr'><strong><em>ὅρκων</em></strong></span> <span class='ocrx_word' id='word_1_182' title='bbox 1042 2807 1116 2856; x_wconf 82' lang='grc' dir='ltr'><strong><em>συν</em></strong></span> 
     </span>
     <span class='ocr_line' id='line_1_26' title="bbox 62 2891 1115 2986; baseline 0.005 -28"><span class='ocrx_word' id='word_1_183' title='bbox 62 2918 87 2959; x_wconf 80' lang='lat'><strong><em>25</em></strong></span> <span class='ocrx_word' id='word_1_184' title='bbox 100 2897 256 2986; x_wconf 81' lang='grc' dir='ltr'><strong><em>θέμενοι,</em></strong></span> <span class='ocrx_word' id='word_1_185' title='bbox 290 2897 446 2984; x_wconf 90' lang='grc' dir='ltr'><strong><em>στρατιάν</em></strong></span> <span class='ocrx_word' id='word_1_186' title='bbox 480 2893 507 2960; x_wconf 90' lang='grc' dir='ltr'><strong><em>τ’</em></strong></span> <span class='ocrx_word' id='word_1_187' title='bbox 543 2894 739 2962; x_wconf 80' lang='grc' dir='ltr'><strong><em>ἀπέστειλαν</em></strong></span> <span class='ocrx_word' id='word_1_188' title='bbox 774 2891 867 2962; x_wconf 86' lang='grc' dir='ltr'><strong><em>οὗτοι</em></strong></span> <span class='ocrx_word' id='word_1_189' title='bbox 896 2905 942 2984; x_wconf 77' lang='grc' dir='ltr'><strong><em>τῷ</em></strong></span> <span class='ocrx_word' id='word_1_190' title='bbox 972 2900 1115 2986; x_wconf 76' lang='grc' dir='ltr'><strong><em>Μαρκίῳ</em></strong></span> 
     </span>
     <span class='ocr_line' id='line_1_27' title="bbox 99 2998 1156 3090; baseline -0.005 -19"><span class='ocrx_word' id='word_1_191' title='bbox 99 3009 257 3089; x_wconf 86' lang='grc' dir='ltr'><strong><em>πλείστην</em></strong></span> <span class='ocrx_word' id='word_1_192' title='bbox 280 3028 315 3069; x_wconf 85' lang='grc' dir='ltr'><strong><em>τε</em></strong></span> <span class='ocrx_word' id='word_1_193' title='bbox 338 3002 393 3069; x_wconf 86' lang='grc' dir='ltr'><strong><em>καὶ</em></strong></span> <span class='ocrx_word' id='word_1_194' title='bbox 415 3003 686 3089; x_wconf 85' lang='grc' dir='ltr'><strong><em>προθυμοτάτην.</em></strong></span> <span class='ocrx_word' id='word_1_195' title='bbox 720 3001 913 3090; x_wconf 80' lang='grc' dir='ltr'><strong><em>ἀρξαμένων</em></strong></span> <span class='ocrx_word' id='word_1_196' title='bbox 933 2998 970 3067; x_wconf 73' lang='grc' dir='ltr'><strong><em>δὲ</em></strong></span> <span class='ocrx_word' id='word_1_197' title='bbox 988 3004 1156 3070; x_wconf 74' lang='grc' dir='ltr'><strong><em>τούτωνῙόι</em></strong></span> 
     </span>
    </p>
   </div>
   <div class='ocr_carea' id='block_1_5' title="bbox 101 3158 1117 3515">
    <p class='ocr_par' dir='ltr' id='par_1_5' title="bbox 101 3158 1117 3515">
     <span class='ocr_line' id='line_1_28' title="bbox 173 3158 1115 3230; baseline 0.001 -16"><span class='ocrx_word' id='word_1_198' title='bbox 173 3168 187 3214; x_wconf 95' lang='grc'>1</span> <span class='ocrx_word' id='word_1_199' title='bbox 213 3160 346 3230; x_wconf 87' lang='grc' dir='ltr'><strong><em>συνάγειν</em></strong></span> <span class='ocrx_word' id='word_1_200' title='bbox 370 3177 392 3216; x_wconf 83' lang='lat' dir='ltr'><strong><em>c.</em></strong></span> <span class='ocrx_word' id='word_1_201' title='bbox 417 3160 541 3215; x_wconf 82' lang='lat' dir='ltr'>Reudler</span> <span class='ocrx_word' id='word_1_202' title='bbox 562 3160 653 3215; x_wconf 76' lang='grc' dir='ltr'><strong><em>Τίτον.</em></strong></span> <span class='ocrx_word' id='word_1_203' title='bbox 677 3159 738 3216; x_wconf 76' lang='lat' dir='ltr'><strong>erit.</strong></span> <span class='ocrx_word' id='word_1_204' title='bbox 762 3179 789 3230; x_wconf 87' lang='lat' dir='ltr'><strong><em>p.</em></strong></span> <span class='ocrx_word' id='word_1_205' title='bbox 809 3165 844 3215; x_wconf 80' lang='lat'><strong><em>54</em></strong></span> <span class='ocrx_word' id='word_1_206' title='bbox 916 3164 932 3212; x_wconf 85' lang='lat'><strong>3</strong></span> <span class='ocrx_word' id='word_1_207' title='bbox 956 3158 1073 3215; x_wconf 78' lang='grc' dir='ltr'><strong><em>ἅπαντα</em></strong></span> <span class='ocrx_word' id='word_1_208' title='bbox 1095 3159 1115 3215; x_wconf 92' lang='grc'>0</span> 
     </span>
     <span class='ocr_line' id='line_1_29' title="bbox 102 3229 1116 3302; baseline 0.003 -18"><span class='ocrx_word' id='word_1_209' title='bbox 102 3249 170 3285; x_wconf 81' lang='lat' dir='ltr'><strong>corr.</strong></span> <span class='ocrx_word' id='word_1_210' title='bbox 189 3232 332 3302; x_wconf 83' lang='lat' dir='ltr'>Kiessling</span> <span class='ocrx_word' id='word_1_211' title='bbox 401 3238 434 3286; x_wconf 91' lang='grc'><strong><em>10</em></strong></span> <span class='ocrx_word' id='word_1_212' title='bbox 455 3231 633 3301; x_wconf 87' lang='grc' dir='ltr'><strong><em>ΦρούριοςΑ</em></strong></span> <span class='ocrx_word' id='word_1_213' title='bbox 703 3238 735 3286; x_wconf 86' lang='grc'><strong><em>13</em></strong></span> <span class='ocrx_word' id='word_1_214' title='bbox 755 3233 902 3302; x_wconf 90' lang='grc' dir='ltr'><strong><em>φρουρίοις</em></strong></span> <span class='ocrx_word' id='word_1_215' title='bbox 921 3229 944 3284; x_wconf 95' lang='grc' dir='ltr'><strong>Ο</strong></span> <span class='ocrx_word' id='word_1_216' title='bbox 964 3233 1078 3301; x_wconf 90' lang='grc' dir='ltr'><strong><em>χωρίοις</em></strong></span> <span class='ocrx_word' id='word_1_217' title='bbox 1094 3249 1116 3287; x_wconf 83' lang='lat' dir='ltr'><strong><em>c.</em></strong></span> 
     </span>
     <span class='ocr_line' id='line_1_30' title="bbox 101 3300 1116 3427; baseline 0.003 -73"><span class='ocrx_word' id='word_1_218' title='bbox 101 3302 245 3372; x_wconf 77' lang='lat' dir='ltr'>Kiessling</span> <span class='ocrx_word' id='word_1_219' title='bbox 318 3309 350 3358; x_wconf 81' lang='lat'><strong><em>1⁷</em></strong></span> <span class='ocrx_word' id='word_1_220' title='bbox 378 3304 484 3374; x_wconf 82' lang='grc' dir='ltr'><strong><em>αὐτῶν]</em></strong></span> <span class='ocrx_word' id='word_1_221' title='bbox 508 3303 593 3358; x_wconf 74' lang='grc' dir='ltr'><strong><em>αὐτὸν</em></strong></span> <span class='ocrx_word' id='word_1_222' title='bbox 612 3303 637 3355; x_wconf 87' lang='grc' dir='ltr'><strong>Α</strong></span> <span class='ocrx_word' id='word_1_223' title='bbox 659 3304 755 3366; x_wconf 79' lang='grc' dir='ltr'><strong><em>αὐτοῖς</em></strong></span> <span class='ocrx_word' id='word_1_224' title='bbox 775 3303 898 3427; x_wconf 64' lang='grc' dir='ltr'><strong><em>ὃχλλιιιτς</em></strong></span> <span class='ocrx_word' id='word_1_225' title='bbox 923 3305 927 3370; x_wconf 74' lang='grc' dir='ltr'><strong><em>λ</em></strong></span> <span class='ocrx_word' id='word_1_226' title='bbox 953 3300 995 3384; x_wconf 77' lang='grc' dir='ltr'><strong><em>ἐτι</em></strong></span> <span class='ocrx_word' id='word_1_227' title='bbox 1014 3301 1116 3357; x_wconf 85' lang='grc' dir='ltr'><strong><em>δεῖνΟ</em></strong></span> 
     </span>
     <span class='ocr_line' id='line_1_31' title="bbox 102 3369 1117 3444; baseline 0.003 -18"><span class='ocrx_word' id='word_1_228' title='bbox 102 3371 141 3426; x_wconf 84' lang='grc' dir='ltr'><strong><em>ἐτ’</em></strong></span> <span class='ocrx_word' id='word_1_229' title='bbox 159 3369 252 3429; x_wconf 80' lang='grc' dir='ltr'><strong><em>ἐνδεῖν</em></strong></span> <span class='ocrx_word' id='word_1_230' title='bbox 270 3373 374 3429; x_wconf 77' lang='grc' dir='ltr'><strong><em>Βείελτο</em></strong></span> <span class='ocrx_word' id='word_1_231' title='bbox 446 3379 480 3428; x_wconf 76' lang='lat'><strong><em>21</em></strong></span> <span class='ocrx_word' id='word_1_232' title='bbox 499 3374 549 3429; x_wconf 85' lang='grc' dir='ltr'><strong><em>καλ</em></strong></span> <span class='ocrx_word' id='word_1_233' title='bbox 567 3391 621 3429; x_wconf 90' lang='lat' dir='ltr'><strong><em>om.</em></strong></span> <span class='ocrx_word' id='word_1_234' title='bbox 640 3373 686 3428; x_wconf 85' lang='grc' dir='ltr'><strong><em>Βει</em></strong></span> <span class='ocrx_word' id='word_1_235' title='bbox 705 3375 769 3431; x_wconf 76' lang='grc' dir='ltr'><strong><em>αδδ.</em></strong></span> <span class='ocrx_word' id='word_1_236' title='bbox 817 3375 942 3444; x_wconf 77' lang='grc' dir='ltr'><strong><em>λιειιμτιι</em></strong></span> <span class='ocrx_word' id='word_1_237' title='bbox 959 3373 1011 3431; x_wconf 87' lang='lat' dir='ltr'><strong><em>lm.</em></strong></span> <span class='ocrx_word' id='word_1_238' title='bbox 1084 3379 1117 3429; x_wconf 81' lang='lat'><strong><em>26</em></strong></span> 
     </span>
     <span class='ocr_line' id='line_1_32' title="bbox 101 3443 954 3515; baseline 0.001 -17"><span class='ocrx_word' id='word_1_239' title='bbox 101 3443 247 3513; x_wconf 82' lang='grc' dir='ltr'><strong><em>ἀρξάντων</em></strong></span> <span class='ocrx_word' id='word_1_240' title='bbox 266 3445 297 3500; x_wconf 80' lang='grc' dir='ltr'><strong><em>δὲ</em></strong></span> <span class='ocrx_word' id='word_1_241' title='bbox 318 3462 340 3498; x_wconf 86' lang='grc' dir='ltr'><strong><em>ο.</em></strong></span> <span class='ocrx_word' id='word_1_242' title='bbox 359 3444 483 3499; x_wconf 85' lang='lat' dir='ltr'>Reudler</span> <span class='ocrx_word' id='word_1_243' title='bbox 504 3447 560 3502; x_wconf 81' lang='lat' dir='ltr'><strong>Tir.</strong></span> <span class='ocrx_word' id='word_1_244' title='bbox 581 3445 642 3502; x_wconf 82' lang='lat' dir='ltr'><strong>crit.</strong></span> <span class='ocrx_word' id='word_1_245' title='bbox 660 3464 688 3515; x_wconf 89' lang='lat' dir='ltr'><strong><em>p.</em></strong></span> <span class='ocrx_word' id='word_1_246' title='bbox 708 3451 741 3499; x_wconf 82' lang='lat'><strong><em>55</em></strong></span> <span class='ocrx_word' id='word_1_247' title='bbox 950 3470 954 3477; x_wconf 91' lang='lat'>·</span> 
     </span>
    </p>
   </div>
   <div class='ocr_carea' id='block_1_6' title="bbox 203 3584 292 3628">
    <p class='ocr_par' dir='ltr' id='par_1_6' title="bbox 203 3584 292 3628">
     <span class='ocr_line' id='line_1_33' title="bbox 203 3584 292 3628; baseline 0 0"><span class='ocrx_word' id='word_1_248' title='bbox 203 3584 292 3628; x_wconf 63' lang='lat' dir='ltr'><strong>A</strong></span> 
     </span>
    </p>
   </div>
   <div class='ocr_carea' id='block_1_7' title="bbox 0 0 1224 3848">
    <p class='ocr_par' dir='ltr' id='par_1_7' title="bbox 0 0 1224 3848">
     <span class='ocr_line' id='line_1_34' title="bbox 0 0 1224 3848; baseline 0 0"><span class='ocrx_word' id='word_1_249' title='bbox 0 0 1224 3848; x_wconf 95' lang='lat' dir='ltr'><strong><em> </em></strong></span> 
     </span>
    </p>
   </div>
  </div>
 </body>
</html>
