2378 3840
480 180 647 229 -Η-
1003 178 1069 244 233

59 322 218 402 τελευτθν
252 334 289 403 θλ
321 349 381 405 τοῦ
414 343 516 423 λόγου
548 337 679 406 τοσαῦτ’
716 342 779 426 ἔφη
812 338 867 406 καὶ
898 338 1065 424 τηλικαῦτ’

62 417 171 508 ἀγαθά
188 447 341 528 ποιήσειν
359 447 417 511 τὸν
436 446 556 530 δῆμον,
579 446 661 511 ὥστε
680 446 805 525 πάντας
822 444 1069 532 ὑπερβαλέσθαι

9 539 140 626 ¹⁸wa
168 549 427 636 ἐπαινουμένους
469 549 522 617 ἐπὶ
557 561 602 640 τῷ
639 558 751 637 φιλεῖν
788 553 844 620 καλ
880 556 995 634 σώζειν
1031 557 1069 621 τὸ

66 632 249 732 δἪιοτικόν·
281 654 337 722 καλ
368 655 459 724 ταῦτ’
489 661 552 744 ἔφη
582 661 734 743 ποιήσειν
764 659 825 726 οὐκ
855 662 902 738 είς
931 661 1068 748 μακράν.

68 741 216 841 διαλύσας
239 759 276 828 δὲ
298 765 360 848 τὴν
384 763 560 848 ἐκκλησίαν
577 762 633 829 καλ
655 769 778 850 χρόνον
797 764 877 833 οὐδὲ
895 749 1107 864 άκαριαῐον55

67 847 221 936 (λῑαλυιὼν
243 879 283 955 τῇ
306 874 445 937 κατόπιν
467 869 574 958 ἡμέρα
597 872 770 938 συνεκάλει
792 875 854 958 την
872 875 1000 958 βονλην
1022 875 1069 951 είς

66 966 100 1034 ῑὸ
128 973 304 1062 συνέδριον
337 976 447 1063 ὀρθὴν
478 975 534 1042 καὶ
565 980 750 1063 περίφοβον
782 973 887 1044 οὖσαν
918 978 971 1045 ἐπὶ
1000 992 1070 1057 τοῖς

62 1072 213 1165 ὀηθελσιν
244 1081 301 1148 ὑπ’
337 1084 441 1150 αὐτοῦ
474 1087 599 1167 λόγοις·
636 1082 691 1149 καλ
721 1082 802 1170 πρὶν
833 1081 947 1169 ἑτέρου
979 1089 1069 1163 τινὸς

58 1182 222 1274 ἄρξασθαι
249 1193 352 1273 λόγου
386 1190 448 1273 τὴν
479 1189 668 1276 ἀπόρρητον
700 1190 738 1256 ἐν
764 1197 810 1277 τῷ
841 1191 934 1279 θημφ
963 1197 1068 1277 φυλα-

56 1301 197 1379 χθεῖσαν
214 1296 352 1379 γνώμην
371 1297 418 1372 ει’ς
435 1293 539 1380 μέσον
557 1298 688 1380 ἔφερεν,
713 1294 815 1373 ἀξιῶν
835 1299 912 1373 τοὺς
929 1300 1069 1381 βοολευ-
1083 1318 1109 1359 ιο

56 1400 123 1486 τάς,
146 1401 260 1485 ἐπειδὴ
282 1402 389 1467 πολλά
411 1402 430 1468 ὁ
454 1403 558 1486 δῆμος
578 1410 618 1487 τῇ
645 1404 740 1467 πόλει
769 1405 928 1488 χρήσιμος
952 1402 1068 1488 γέγονε

54 1509 94 1573 τὰ
116 1504 178 1593 μὲν
201 1510 249 1585 είς
270 1509 331 1592 τὴν
355 1508 562 1594 ἐλευθερίαν,
584 1509 624 1573 τά
642 1505 674 1572 θ’
695 1509 742 1585 είς
759 1510 796 1574 τὸ
816 1506 937 1595 ἑτέρων
955 1511 1069 1596 άρχειν

55 1617 314 1698 συλλαβόμενος,
336 1617 498 1701 πρόνοιαν
517 1615 621 1680 αὐτοῦ
638 1617 854 1700 ποιήσασθαι,
874 1619 986 1701 τόντε
1005 1619 1069 1703 γά-

53 1745 118 1807 ραν
145 1720 235 1809 αὐτῷ
263 1723 455 1806 νείμαντας,
487 1722 547 1806 ὅση
580 1720 713 1811 πολέμφ
746 1729 948 1809 κρατηθεῖσα
979 1728 1068 1815 λόγφ

53 1824 115 1912 μὲν
143 1822 187 1911 ἦν
215 1829 373 1913 δημοσία,
406 1830 491 1918 ἔργφ
520 1824 557 1893 δὲ
584 1839 651 1893 τῶν
679 1827 924 1896 ἀναιδεστάτων
951 1854 985 1896 τε
1012 1830 1067 1896 καλ
1082 1849 1108 1892 τι

54 1936 118 2000 σὺν
146 1931 261 1999 οὐθενὶ
289 1936 405 2024 δικαίφ
428 1937 677 2020 κατεσχηκότων·
704 1940 903 2021 πατρικίων,
929 1936 985 2003 καλ
1011 1947 1068 2022 τῆς

53 2040 119 2106 ὑπὸ
139 2038 292 2118 Γέλωνος
308 2050 370 2107 τοῦ
388 2044 543 2118 Σικελίας
560 2041 728 2127 τυράννου
747 2047 955 2128 πεμφθείσης
973 2047 1067 2129 σφίσι

55 2147 184 2232 δωρεᾶς
206 2157 343 2232 σιτικῆς,
365 2147 408 2230 ἣν
429 2159 551 2234 προῖκα
570 2146 648 2213 θέον
667 2149 813 2226 άπαντας
832 2150 1067 2232 διανείμασθαι

54 2257 132 2331 τοὺς
158 2257 295 2331 πολίτας
323 2254 454 2338 ὠνητὴν
483 2252 671 2339 ἐλάμβανον
703 2256 740 2320 οί
762 2253 914 2340 πένητες,
945 2254 1067 2322 άποὸο-

54 2365 159 2444 θῆναι
181 2359 239 2437 τάς
261 2361 356 2444 τιμάς
377 2371 448 2437 τοῖς
471 2358 696 2444 ὠνησαμένοις
721 2359 754 2439 ἐξ
778 2356 826 2426 ὧν
849 2357 916 2446 εἶχε
939 2364 976 2428 τὸ
999 2386 1066 2428 κοι-
1081 2381 1108 2422 νο

55 2467 116 2531 νὸν
139 2465 326 2551 χρημάτων.

119 2571 236 2637 LXXI.
284 2572 402 2650 Εὐθὺς
429 2569 491 2657 μὲν
524 2567 587 2639 οὖν
621 2576 669 2640 ἔτι
697 2571 851 2657 λέγοντος
878 2573 981 2640 αὐτοῦ
1007 2578 1068 2640 θό-

11 2683 160 2764 οιερνβος
182 2674 225 2763 ἦν
247 2681 362 2764 πολύς,
384 2678 584 2765 ἀχθομένων
606 2679 763 2746 ἁπάντων
784 2677 840 2746 καλ
862 2680 923 2766 οὐχ
946 2680 1067 2765 ὑπομε·

54 2789 185 2852 νόνταν
203 2789 263 2853 τὸν
281 2790 393 2870 λόγον.
426 2785 540 2871 ἐπειδὴ
559 2785 589 2852 θ’
609 2787 772 2853 ἐπαύσατο
791 2786 810 2860 ὅ
828 2808 863 2852 τε
881 2788 1068 2864 συνύπατος

54 2892 157 2958 αὐτοῦ
194 2892 390 2978 Οὐεργίνιος
421 2894 549 2977 πολλὴν
581 2892 758 2976 ἐποιησατο
790 2897 990 2978 κατηγορίαν
1023 2894 1067 2970 ὡς
1081 2909 1108 2951 2⁵

54 2998 172 3064 στάσιν
194 2999 396 3083 εἰσάγοντος,
419 3001 474 3064 καλ
499 3009 566 3064 τῶν
588 3000 700 3065 άλλων
721 3002 912 3083 βουλευτῶν
935 3001 971 3066 οί
990 3021 1067 3085 πρε-

53 3106 213 3190 σβότατοί
231 3128 265 3171 τε
288 3103 344 3172 καὶ
366 3107 566 3190 τιμιώτατοι,
589 3105 730 3190 μάλιστα
754 3102 784 3170 δ’
799 3103 938 3183 ’Ἀππιος
956 3107 1067 3172 Κλαύ-

52 3213 136 3289 διος·
167 3208 222 3276 καλ
252 3210 348 3297 μέχρι
378 3216 501 3296 πολλῆς
531 3212 618 3298 ὥρας
648 3209 850 3297 ἠγριωμένοι
878 3235 912 3277 τε
942 3210 998 3277 καὶ
1027 3214 1067 3278 τά

122 3366 227 3423 θῶστε
246 3367 375 3431 ἅπαντας
393 3368 416 3423 O
435 3367 542 3423 correxi
608 3375 641 3422 14
659 3370 842 3438 πολεμίανΑ
905 3375 938 3424 18
957 3369 1066 3433 πάντας
1172 3420 1177 3443 ,

52 3437 74 3494 O
94 3438 223 3502 ἅπαντας
240 3438 383 3510 Kieseling
1177 3490 1181 3533 1
