2424 3848
127 198 170 260 94
553 199 713 247 -z-

127 358 244 442 ἀνδρα,
267 359 298 422 εί
320 353 358 423 δὲ
380 358 425 442 μή
448 354 479 440 γ’
500 357 564 422 ὑπὸ
587 367 644 441 τῆς
667 356 822 443 δευτέρας
844 357 865 441 ἣ
887 329 1007 443 τρίτης.
1049 360 1085 425 ολ
1106 356 1206 426 δέιλῡξ

127 466 289 548 δήμαρχοι
316 460 413 529 ταῦθ’
441 463 654 549 ὑφορώμενοι
681 460 737 528 καλ
760 461 854 529 αὐτοὶ
876 465 938 548 την
960 467 1146 550 φυλετικὴν

128 570 304 654 ἐκκλησίαν
332 567 438 657 ςόοντο
467 569 539 634 δεῖν
568 570 726 652 συνάγειν
749 567 886 637 καὶτοῦ
909 569 1038 654 ἀγῶνος
1061 570 1145 639 ἐκεί-

126 700 191 761 νην
209 666 343 759 ποιησαι
362 678 494 761 κυρίαν,
512 677 568 740 ἵνα
587 673 668 760 μήθ’
687 677 723 742 οί
737 676 873 761 πένητες
890 688 956 743 τῶν
970 682 1145 745 πλουσίων

101 793 340 868 εμειονεκτωσι
372 779 453 867 μηδ’
485 783 521 847 οί
548 780 642 861 ψιλοὶ
673 792 740 847 τῶν
771 779 923 848 ὁπλιτῶν
944 782 1145 871 ἀτιμοτέραν

125 890 236 974 χώραν
259 891 368 974 ἔχωσι,
391 885 466 973 μήτ’
487 886 732 974 ἀπερριμμένον
755 889 803 964 είς
825 888 882 964 τάς
904 885 1041 973 ἐσχάτας
1063 893 1145 974 κλή-

126 1014 194 1072 σεις
216 998 253 1061 τὸ
278 996 456 1080 δημοτικὸν
479 1000 608 1078 πλῆθος
631 993 842 1078 ἀποκλείηται
864 1005 930 1059 τῶν
955 1000 1048 1080 ἴσων,
1072 998 1145 1064 ἐσό

124 1113 231 1187 ψηφοι
256 1098 293 1166 δὲ
316 1101 370 1168 καὶ
394 1102 546 1186 ὁμότιμοι
568 1101 687 1178 πάντες
709 1100 865 1184 ἀλληλοις
887 1104 1061 1184 γενόμενοι
1081 1114 1144 1192 μιᾷ

73 1215 114 1278 10
124 1210 237 1291 κλήσει
264 1210 325 1293 την
352 1217 467 1293 ψῆφον
495 1205 692 1290 ἐπενέγκωσι
719 1208 801 1272 κατὰ
828 1207 944 1292 φυλάς.
989 1206 1045 1273 καὶ
1067 1207 1144 1274 ἐδό-

85 1338 111 1376 10
124 1338 207 1380 κουν
239 1316 427 1398 δικαιότερα
454 1309 547 1379 οὗτοι
574 1324 640 1378 τῶν
668 1310 789 1398 ἑτέρων
817 1311 933 1390 ἀξιοῦν
961 1315 1144 1397 δημοτικὸν

125 1422 273 1503 οίόμενοι
292 1421 375 1503 δεῖν,
394 1417 465 1484 ἀλλ’
485 1420 546 1485 ούιι
565 1418 777 1504 ὀλιγαρχικὸν
796 1413 883 1483 εἶναι
903 1421 937 1484 τὸ
957 1429 1017 1485 τοῦ
1032 1420 1144 1504 δήμου

125 1526 354 1608 δικαστήριον,
381 1523 436 1590 καὶ
463 1526 524 1608 την
546 1523 621 1610 περὶ
644 1535 711 1589 τῶν
735 1523 941 1589 ἀδικούντων
963 1526 1001 1590 τὸ
1024 1530 1145 1593 κοινὸν

125 1632 308 1715 διάγνωσιν
331 1630 485 1697 ἁπάντων
508 1626 594 1696 εἶναι
617 1633 742 1714 κοινήν.

190 1736 258 1800 LX.
295 1735 582 1824 Συγχωρηθέντος
613 1735 643 1801 δ’
674 1736 787 1813 αὐτοῖς
814 1734 868 1802 καλ
896 1737 1017 1803 τούτου
1044 1741 1145 1823 μόγις

84 1865 110 1905 15
124 1841 190 1907 ὑπὸ
213 1853 279 1906 τῶν
301 1847 494 1929 πατρικίων,
519 1842 631 1926 ἐπειδη
655 1845 716 1926 τὴν
736 1844 832 1926 δίκην
851 1841 950 1928 ἐχρῆν
970 1841 1144 1929 λέγεσθαι,

123 1960 252 2033 πρῶτος
265 1946 367 2032 ἀνέβη
381 1948 567 2032 Μηνύκιος,
586 1949 701 2032 ἅτερος
714 1959 781 2013 τῶν
793 1948 941 2031 ὑπάτων,
958 1947 1014 2014 καὶ
1029 1950 1144 2030 ἔλεξεν

123 2055 183 2133 οὓς
213 2053 398 2120 ἐπέστειλεν
431 2055 519 2142 αὐτῷ
552 2058 673 2137 λόγους
704 2054 725 2138 ἡ
758 2056 876 2140 βουλη·
913 2066 1045 2140 πρῶτον
1079 2054 1144 2142 μὲν

123 2161 250 2239 ἁπάσας
276 2162 334 2238 τάς
361 2162 551 2244 εὐεργεσίας
576 2161 852 2246 ὑπομιμνήσκων,
880 2160 959 2237 ὅσας
985 2156 1028 2245 ἦν
1052 2166 1144 2249 είλη-

122 2269 193 2352 φὼς
221 2268 239 2333 ὁ
265 2269 369 2351 δῆμος
390 2268 479 2351 παρά
502 2279 569 2332 τῶν
591 2270 788 2354 πατρικίων,
817 2263 915 2332 ἔπειτ’
938 2265 1041 2345 ἀξιῶν
1065 2268 1206 2337 ἀντλιεόι

83 2397 109 2436 νο
123 2379 256 2439 πολλῶν
283 2371 338 2439 καὶ
366 2379 477 2439 καλῶν
500 2376 607 2458 ἔργων
631 2378 712 2458 μίαν
735 2374 945 2457 ἀποδοθῆναι
962 2376 1057 2460 ,παρά
1080 2387 1144 2442 τοῦ

124 2482 232 2564 δήμου
256 2479 426 2565 δεομένοις
445 2485 560 2566 σφίσιν
579 2479 763 2564 ἀναγκαίαν
782 2480 879 2566 χάριν
898 2478 952 2545 ἐπὶ
970 2490 1016 2569 τῷ
1035 2475 1142 2572 κοινῷ

87 2593 180 2670 λτῆς
202 2590 329 2664 πόλεως
347 2585 476 2674 ἀγαθῷ.
512 2589 595 2671 πρὸς
613 2585 649 2653 δὲ
668 2589 799 2664 τούτοις
817 2587 961 2653 ἐπαινῶν
980 2587 1041 2672 μὲν
1062 2590 1142 2675 ὁμό-

122 2718 219 2760 νοιαν
242 2691 298 2758 καὶ
316 2695 464 2777 είρηνην,
487 2691 541 2758 καὶ
560 2693 639 2776 ὅσης
658 2694 872 2778 εὐδαιμονίας
890 2692 1046 2779 ἑκάτερον
1064 2699 1143 2763 τού-

121 2824 188 2866 των
212 2803 319 2864 αίτιόν
343 2798 413 2864 ἐστι
435 2811 506 2876 ταῖς
523 2802 661 2865 πόλεσιν
681 2801 923 2885 ἐπιλεγόμενος,
945 2815 1143 2890 κατηγορῶν

194 3035 207 3081 1
227 3027 349 3095 ὑπὸτῆς
369 3025 391 3078 Ο
411 3041 480 3079 corr.
499 3025 627 3080 Hertlein
645 3027 762 3082 Hermes
781 3027 807 3080 X
825 3033 878 3083 416
933 3033 949 3080 8
968 3025 1058 3099 ᾤοντο
1077 3031 1141 3086 δεῖν

122 3098 254 3168 συνάγειν
273 3100 297 3151 A
317 3095 346 3170 ᾤ.
366 3097 499 3166 συνάγειν
518 3098 579 3151 δεῖν
598 3096 623 3149 Β,
677 3103 693 3150 5
713 3098 858 3167 φυλετικαὶ
877 3098 899 3152 0
918 3098 998 3167 ψιλοί
1017 3098 1142 3171 Sylburg

122 3176 137 3223 8
161 3166 393 3239 ἀπεριμμένονΒ
467 3174 481 3221 7
507 3169 573 3221 ἴσων
592 3167 698 3237 ψήφων
723 3169 745 3223 0
768 3171 881 3238 praeter
904 3169 927 3222 B
1001 3175 1034 3223 10
1059 3172 1142 3226 αὐτοὶ

122 3240 144 3294 0
165 3235 242 3294 οὗτοι
260 3238 406 3310 Kiessling
424 3238 478 3292 del.
497 3237 604 3307 Kayser
622 3241 694 3297 Anu.
713 3239 782 3308 phil.
804 3245 872 3294 1868
890 3258 916 3310 p.
934 3245 986 3296 816
1044 3248 1076 3296 15
1096 3241 1142 3297 λέ·

120 3311 234 3382 γεσθαι]
259 3308 394 3378 γενέσθαι
417 3327 440 3364 ο,
460 3308 603 3378 Kiessling
677 3317 708 3366 17
737 3306 942 3365 ἐπέοτειλανΑ
966 3314 970 3380 Ι
996 3311 1141 3382 λόχουςΑ

121 3387 155 3435 20
181 3382 418 3448 ἀνταποδοδηναι
441 3397 463 3434 ο.
487 3379 630 3450 Kioesling
702 3390 735 3436 21
763 3384 861 3452 χρείαν
881 3381 903 3437 0
927 3380 1010 3453 χάριν
1033 3401 1057 3440 ο.
1076 3384 1142 3438 Sin-

120 3451 195 3506 tenis
213 3452 274 3509 Em.
294 3450 376 3504 Dion.
398 3455 407 3504 l
428 3457 461 3505 27
