2424 3848
517 173 679 223 -z-
1061 170 1104 235 οε

73 335 165 439 τοὺς
186 334 309 411 ἄλλους
332 331 461 416 ἐνῆγεν.
496 325 597 416 ῆνόὶ
614 329 747 417 περὶ’
708 333 811 398 αυτὸν
830 328 956 417 ἑταιρία
978 333 1104 418 μεγάλη

73 410 173 506 νέων
200 439 410 524 εὐγενῶν,ο
412 429 442 516 ἷς
469 432 512 522 ῆν
534 439 575 503 τά
597 436 734 522 μέγιστα
755 438 919 523 τιμήματα
942 442 1026 522 βίων
1048 437 1103 504 καὶ

82 547 223 613 πελάται
246 543 364 631 συχνοὶ
387 547 623 629 συνεστηκότες
641 543 694 609 ἐπὶ
713 557 783 623 ταῖς
806 544 842 610 ἐκ
863 555 930 611 τῶν
949 543 1104 630 πολέμων

83 643 332 739 ὠφελείαιςῖ
295 676 347 729 ος
369 651 586 738 ἐπαιρόμενος
604 651 802 737 ἐφρυάττετο
821 649 877 717 καὶ
894 655 1043 738 λαμπρὸς
1059 647 1103 737 ῆν

82 757 140 825 καλ
154 762 326 845 προῆλθεν
341 757 394 824 ἐπὶ
407 760 568 844 μήκιστον
582 757 782 844 ἐπιφανείαις.
808 759 850 825 οὐ
863 760 930 843 μην
944 758 1103 845 εὐτυχοῦς
1115 739 1140 854 45

83 889 122 950 γε
154 866 211 930 θεολ
242 874 345 931 ταῦτα
376 874 604 951 καταστροφῆς
635 867 746 950 έτυχε·
782 869 1007 951 συναχθείσης
1038 867 1102 953 γάρ

83 967 170 1058 ὑπὲρ
197 972 327 1038 τούτων
352 976 476 1056 βουλῆς
502 970 557 1037 καὶ
583 981 652 1037 τῶν
674 970 925 1057 πρεσβυτέρων,
952 972 997 1049 ὡς
1024 975 1103 1050 ἔθος

82 1073 127 1164 ῆν
155 1077 285 1161 αὐτοῖς,
315 1079 455 1162 πρώτων
474 1076 752 1170 ,ἀποφηναμένων
784 1078 842 1155 τὰς
875 1075 1002 1144 ἑαυτῶν
1031 1080 1101 1144 όια-

81 1189 195 1268 νοίας,
222 1183 260 1250 έν
286 1175 337 1261 οἷς
364 1183 405 1249 οὐ
433 1187 555 1250 πολλοί
577 1207 664 1261 τινες
692 1179 779 1267 ἦσαν
803 1185 838 1250 oc
858 1184 915 1259 τὰς
938 1185 1019 1248 κατὰ
1041 1194 1102 1249 τοῦ

83 1293 204 1377 δῆμον
218 1290 351 1375 γνώμας
372 1291 528 1377 ἄντικρυς
548 1289 799 1377 ἀγορεύσαντες,
821 1289 934 1374 έπειθῆ
952 1296 1100 1373 καθῆκεν
1115 1309 1141 1348 ιο

14 1399 131 1476 ιεενείς
149 1400 229 1474 τοὺς
241 1394 423 1482 νεωτέρους
440 1397 458 1463 ό
478 1399 588 1481 λόγος,
610 1397 828 1482 αἰτησάμενος
842 1396 996 1475 ἐξουσίαν
1012 1397 1101 1482 παρά

80 1516 152 1571 τῶν
173 1503 309 1569 ὑπάτων
332 1503 438 1568 εἰπεῖν
460 1503 523 1569 ὅσα
544 1505 712 1588 βούλεται,
734 1500 789 1568 καὶ
812 1504 922 1589 τυχὼν
941 1502 1098 1587 ἐπισημα-

82 1616 158 1688 σίας
189 1633 225 1676 τε
252 1609 394 1694 μεγάλης
420 1607 476 1675 καὶ
506 1618 673 1696 προσοχῆς
705 1613 821 1695 λόγον,
837 1609 991 1695 διεξῆλθε
1019 1612 1101 1676 κατὰ

66 1727 144 1785 ,τοῦ
167 1718 277 1801 δῆμου
299 1717 440 1782 τοιόνδε.

149 1823 255 1888 XXII.
287 1820 357 1887 Ὅτι
381 1818 443 1906 μέν
470 1821 532 1908 οὐχ
558 1818 615 1888 ὑπ’
641 1820 786 1907 ἀνάγκης
815 1845 849 1888 τε
876 1821 932 1889 καὶ
960 1821 1099 1909 ἀπορίας
1114 1837 1138 1879 1⁶

79 1928 237 2016 βιασθεὶς
256 1930 274 1996 ό
294 1931 397 2014 δῆμος
415 1926 590 2013 έποιῆσατο
610 1930 672 2013 τῆν
690 1928 883 2013 άπόστασιν,
906 1925 932 1994 ό)
951 1926 1099 2015 πατέρες,

80 2037 167 2104 άλλά
190 2045 322 2123 πονηρᾷ
347 2035 456 2101 ἐλπίδι
479 2034 635 2121 ἐπαρθεὶς
657 2036 701 2113 ὡς
723 2037 919 2102 καταλύσων
942 2037 1004 2120 τῆν
1027 2034 1099 2121 άρι-

81 2146 281 2230 στοκρατίαν
298 2142 399 2226 ’ὑμῶν
416 2141 471 2207 καλ
493 2143 628 2208 πάντων
647 2142 746 2220 αὐτὸς
765 2142 921 2227 ἐσόμενος
944 2152 1012 2207 τῶν
1030 2166 1099 2208 κοι-

78 2261 152 2317 νῶν
178 2251 310 2333 κύριος,
338 2249 458 2334 σχεδὸν
485 2243 577 2333 οἶμαι
603 2250 727 2325 πάντας
753 2248 839 2332 ὑμᾶς
860 2245 1036 2335 ᾐσθῆσθαι
1059 2247 1098 2313 τά

79 2353 158 2443 περὶ
180 2355 240 2432 τὰς
261 2354 441 2436 διαλλαγάς
463 2354 566 2421 αὐτοῦ
592 2355 858 2439 πλεονεκτήματα
881 2354 1042 2440 ὁρῶντας·
1071 2347 1138 2441 ,όν

79 2459 110 2547 γ’
140 2461 203 2528 οὐκ
226 2458 389 2546 ἀπέχρησε
411 2460 645 2545 διαφθείραντι
668 2462 729 2545 την
748 2458 887 2546 περὶτὰ
911 2463 1098 2545 συμβόλαια

79 2571 196 2633 πίστιν
217 2565 272 2632 καὶ
299 2569 377 2642 τοὺς
404 2565 457 2631 ἐπὶ
479 2568 580 2653 ταάτη
602 2564 775 2650 κειμένους
798 2566 950 2632 άνελόντι
973 2570 1099 2651 νόμους

80 2669 192 2760 μηθὲν
206 2674 287 2739 άλλο
306 2678 609 2759 πολυπραγμονεῖν,
627 2674 747 2758 καινὴν
762 2670 799 2738 δέ
812 2672 1098 2756 καταστησάμενος

80 2780 188 2866 ἀρχὴν
216 2776 270 2844 ἐπὶ
296 2787 342 2867 τῷ
373 2784 531 2845 καθελεῖν
558 2781 620 2864 τῆν
650 2790 717 2845 τῶν
748 2780 884 2845 ὑπάτων
920 2779 1012 2864 ίερολυ
1042 2775 1098 2841 καλ

80 2888 209 2953 ἄσυλον
224 2876 378 2970 ἐποίησεν
392 2884 497 2969 αὐτην
510 2889 616 2975 νόμῳ,
633 2884 688 2951 καὶ
705 2894 771 2952 νῦν
784 2885 987 2970 τυραννικὴν
1006 2881 1097 2961 ἐξου-
1111 2894 1139 2936 ²⁶

81 2997 160 3059 σίαν
182 2993 477 3077 περιβαλλόμενος,
504 2987 531 3056 ό
553 2995 660 3077 βουλή
666 3042 676 3077 ,
698 3002 743 3079 τῷ
767 2988 887 3056 νεωστὶ
909 2987 1098 3075 κυρωθέντι

10 3103 175 3189 1363νόμφ
198 3096 342 3183 λέληθεν
363 3097 458 3182 ὑμᾶς.
495 3098 575 3165 ὅταν
598 3099 661 3185 γάρ
680 3096 730 3164 ἐπ’
754 3097 867 3176 ἕξουσί
865 3122 903 3174 ας
920 3102 1045 3181 πολλῆς
1063 3098 1099 3163 oc
1109 3100 1131 3163 2

154 3296 224 3344 8ου
226 3289 295 3359 ml
315 3289 413 3342 Buna
431 3288 488 3345 litt.
506 3306 588 3344 erasa
642 3297 714 3357 8πρ
716 3289 775 3342 άτω
776 3308 794 3342 ν
812 3290 834 3343 Β
853 3297 976 3414 κρωτοιΙι3
983 3289 1009 3342 R
1063 3293 1095 3342 12
1140 3347 1146 3361 ¹

80 3358 147 3418 έπισ
146 3361 247 3432 ημείας
266 3360 290 3413 Α
308 3355 492 3430 ἐπισημασίας
511 3363 532 3414 Β
550 3361 603 3429 ῆσυ
605 3360 706 3430 χίαςΟ
778 3365 812 3413 23
831 3360 976 3430 καινῆνΒ
996 3379 1059 3414 κοιν
1032 3357 1096 3427 ινῆν

78 3433 107 3489 R
180 3438 215 3487 26
233 3451 298 3502 περι
299 3431 467 3506 βαλλόμενος
484 3432 534 3487 ΒΟ
552 3451 617 3502 περι
608 3429 771 3505 ιβαλόμενος
789 3431 815 3484 R

899 3521 934 3574 3*
