2424 3848
498 205 664 257 ..Θ-

72 369 207 454 χωρίων
226 368 368 453 νύκτωρ,
386 364 441 431 καὶ
460 364 565 451 ἕτεροι
583 366 640 442 τὰς
656 364 871 450 ὑπερδεξίους
884 374 951 430 τῶν
964 368 1090 432 πεδίων

72 472 384 557 καταλαμβάνονται
413 472 563 549 σκοπιάς·
591 480 631 556 τῆ
660 469 691 536 δ’
718 469 790 554 ἑξῆς
816 470 922 559 ῆμέρηι
945 471 1090 558 προπέμ-

73 590 198 658 ψαντες
221 579 356 663 ὀλίγους
377 579 469 655 τινάς
492 577 664 661 ἐνόπλους,
688 578 733 653 ὡς
755 578 797 660 δῆ
820 583 971 663 φυλακῆς
994 577 1090 644 ἕνεκα

73 695 143 751 τῶν
170 682 317 768 νομέων,
345 683 478 769 ἀφῆκαν
506 683 541 749 ἐκ
568 693 635 748 τῶν
660 687 791 770 χωρίων
814 685 939 761 πολλάς
962 683 1090 768 ἀγέλας.
1200 705 1203 712 ·

74 792 122 868 ὡς
144 784 175 856 δ’
197 788 362 875 ἀπηγγέλη
386 801 454 868 τοῖς
478 793 629 874 Φαβίοις,
652 790 703 854 ὅτι
726 791 804 866 τοὺς
826 793 968 874 πλησίον
989 775 1130 890 ὑπερ-3ὕ

73 899 234 983 βαλόντες
256 900 382 981 λόφους
401 895 437 961 ἐν
456 896 557 984 ὀλίγφ
578 897 619 980 δή
639 919 704 961 τινι
724 899 833 984 χρόνῳ
853 898 974 980 μεστὸν
992 897 1090 984 εὑρῆ-

75 1020 173 1070 σουσι
191 1004 229 1068 τὸ
247 1004 364 1069 πεδίον
381 1005 550 1067 παντοίων
568 1006 690 1087 βοτῶν,
707 1000 762 1067 καλ
780 1002 841 1085 τῆν
856 1001 1090 1086 φυλάττουσαν

74 1109 160 1174 αὐτὰ
182 1119 274 1194 χεῖρα
298 1107 359 1194 οὐχ
383 1109 512 1192 ίκανῆν,
536 1106 677 1192 ἐξῆλθον
701 1106 737 1172 ἐκ
759 1116 819 1173 τοῦ
842 1110 1007 1192 φρουρίου
1026 1132 1090 1192 φυ-

73 1217 180 1299 λακην
197 1216 258 1299 τῆν
277 1214 446 1300 ἀρκοῦσαν
465 1214 502 1280 έν
521 1215 609 1303 αὐτῷ
629 1217 879 1290 καταλιπόντες·
902 1211 957 1278 καλ
976 1214 1090 1279 διανό-

75 1339 193 1399 σαντες
221 1324 350 1407 σπουδῆ
377 1319 432 1387 καλ
456 1322 536 1406 μετά
558 1323 748 1406 προθυμίας
770 1322 830 1404 τῆν
854 1321 936 1386 ὁδδν
959 1319 1089 1404 ἐπιφαί-
1104 1344 1130 1383 10

75 1452 192 1494 νονται
223 1439 294 1506 τοῖς
325 1426 448 1512 φύλαξι
479 1439 546 1493 τῶν
573 1426 791 1512 βοσκημάτων
819 1427 1089 1511 συντεταγμένοι·
1168 1450 1170 1455 ’

76 1534 223 1601 κάκεῖνοι
248 1534 289 1600 οὐ
312 1533 486 1618 δεξάμενοι
509 1534 631 1612 αὐτοὺς
653 1535 805 1619 ἔφευγον.
841 1534 877 1598 οἱ
898 1529 934 1597 δέ
955 1533 1091 1618 Φάβιοι,

77 1641 123 1716 ὡς
146 1639 183 1706 έν
205 1639 350 1726 ἀσφαλεῖ
370 1642 411 1725 δῆ
432 1642 536 1724 όντες,
559 1641 637 1718 τούς
654 1663 688 1705 τε
706 1651 820 1725 νομεῖς
838 1640 1090 1723 συνελάμβανον

24 1742 133 1816 ιθνκαὶ
155 1746 195 1810 τά
218 1748 408 1830 βοσκήματα
431 1748 663 1831 περιήλαυνον.
701 1744 737 1811 έν
761 1742 798 1811 δέ
820 1748 926 1837 τούτῳ
949 1747 985 1812 οί
1006 1750 1126 1833 Τυρ-4

77 1842 175 1938 ρηνολ
206 1851 242 1918 έιι
270 1861 329 1936 τῆς
355 1850 492 1936 ἐνέδρας
519 1851 717 1930 ἀναστάντες
744 1854 825 1918 κατὰ
852 1855 959 1920 πολλά
987 1855 1090 1939 χωρία
1105 1874 1131 1916 ιε

75 1961 341 2046 προστάττουσιν
360 1959 473 2034 αὐτοῖς
491 1961 710 2043 πανταχόθεν.
742 1956 798 2024 καλ
822 1960 858 2024 οί
877 1955 939 2043 μέν
956 1963 1091 2036 πλείους

75 2075 145 2130 τῶν
162 2061 332 2149 Ῥωμαίων
356 2063 590 2148 ἐσκεδασμένοι
612 2063 668 2129 καὶ
690 2064 845 2147 ἀλλήλοις
867 2063 1007 2149 ἀμύνειν
1029 2064 1090 2150 οὐχ

77 2162 148 2236 οἷοί
176 2167 203 2235 τ’
238 2171 344 2255 όντες,
381 2165 516 2236 ἐνταῦθ’
549 2170 762 2236 ἀπόλλυνται.
814 2170 888 2235 όσοι
920 2168 950 2235 δ’
981 2170 1091 2235 αὐτῶν

77 2280 314 2359 συνεστηκότες
349 2272 435 2362 ἦσαν
470 2277 749 2364 προθυμούμενοί
778 2299 810 2340 τι
846 2272 1092 2360 καταλαβέσθαι

76 2384 203 2468 χωρίον
220 2380 365 2468 ἀσφαλὲς
382 2382 438 2448 καλ
456 2386 539 2469 πρὸς
557 2385 596 2449 τά
616 2384 677 2468 όρη
697 2381 897 2460 σπεύδοντες
915 2384 962 2458 είς
978 2379 1092 2468 ἕτερον
1106 2405 1133 2444 εο

77 2488 276 2573 ἐμπίπτουσι
299 2492 400 2574 λόχον
423 2487 460 2555 ἐν
482 2489 578 2566 ὕλαις
600 2487 656 2554 καὶ
678 2489 800 2566 νάπαις
822 2489 1091 2573 ὑποκαθήμενον.

76 2592 277 2677 καὶγίνεται
296 2593 406 2659 αὐτῶν
424 2595 509 2679 μάχη
527 2595 669 2680 καρτερά
687 2591 743 2659 καὶ
761 2597 866 2680 φόνος
881 2592 913 2672 ἐξ
928 2591 1093 2680 ἑκατέρων

75 2701 190 2777 πολύς.
228 2699 420 2766 ἀπεώσαντο
444 2698 473 2765 δ’
498 2695 560 2766 οὖν
583 2698 638 2766 καλ
661 2701 800 2777 τούτους
818 2701 917 2786 ὅμως,
939 2698 995 2766 καλ
1011 2704 1093 2784 πλη-

76 2809 244 2892 ρώσαντες
270 2806 332 2888 τὴν
358 2806 513 2893 φάραγγα
540 2815 668 2887 νεκρῶν
697 2803 886 2892 ἀνέδραμον
909 2805 962 2871 ἐπὶ
986 2809 1092 2890 λόφον

77 2913 119 2978 οὐ
147 2908 267 2999 ῥᾴδιον
294 2909 432 2976 ἁλῶναι·
465 2912 502 2978 ἐν
529 2905 555 3000 ᾧ
580 2912 641 2994 τὴν
664 2911 823 2977 ἐπιοῦσαν
846 2913 950 2978 νόκτα
973 2913 1092 2998 ἀποροι
1106 2935 1133 2976 ιι

77 3030 145 3084 τῶν
169 3017 360 3101 ἀναγκαίων
382 3017 571 3100 ηὐλίσαντο.

150 3180 166 3228 2
187 3173 293 3236 σκοπὰς
307 3172 329 3228 Ο
346 3204 378 3213 -
394 3172 512 3236 σκοπιδις
526 3173 628 3228 Suidas
644 3193 666 3229 ε.
676 3175 835 3229 κακοπιαί
841 3205 874 3214 -
890 3189 959 3230 corr.
970 3171 1090 3245 Reiskel

76 3242 314 3317 προπέμψαντες
331 3243 378 3296 Ba
484 3251 502 3298 4
525 3239 557 3299 ἐκ
574 3253 630 3299 τῶν
649 3247 792 3316 φρουρίων
812 3243 834 3297 Ο
860 3239 891 3298 ἐκ
909 3252 964 3298 τῶν
983 3245 1092 3314 χωρίων

77 3317 153 3385 Cmg
177 3314 349 3370 etSintenis
368 3313 429 3372 Em.
448 3315 529 3370 Dion.
549 3316 641 3371 11115
731 3323 747 3368 ὁ
771 3313 937 3384 ἀπηγγέλθη
960 3332 982 3369 c.
1003 3313 1093 3370 Cobet

77 3389 144 3444 Obs.
163 3406 190 3457 p.
207 3393 258 3442 175
326 3387 455 3441 Θαάτῶν
473 3386 520 3441 Ba
538 3386 650 3441 αάτδΒ.
723 3391 755 3440 16
775 3386 871 3448 αὐτοῖς
888 3386 984 3441 οω.Β
1057 3392 1092 3441 23

77 3460 152 3530 ὅμως
171 3457 216 3511 Ba
235 3457 318 3528 ὁμόσε
337 3455 413 3511 ABb
486 3461 521 3511 24
540 3455 672 3527 φάλαγγα
691 3455 713 3511 Ο
732 3472 801 3511 corr.
818 3455 939 3526 Sylburg
