2378 3840
485 184 653 232 ,Η-

63 341 199 420 δείξεων
217 344 394 426 μαθόντες,
417 341 524 407 ὅτιτὸ
543 345 755 428 μηνυόμενον
773 339 817 427 ἦν
836 345 979 428 ἀδίκημα
998 343 1076 428 άλη-

62 447 138 532 θές,
164 448 268 533 αὐτην
291 445 352 532 μὲν
374 457 432 532 τῆς
454 459 604 535 κορυφῆς
626 446 826 534 ἀφελόμενοι
848 452 888 516 τά
912 448 1077 535 στέμματα

61 553 118 621 καὶ
139 556 388 638 πομπεύσαντες
412 551 456 619 δι’
480 555 602 641 ἀγοράς
625 555 718 632 ἐντὸς
740 560 869 643 τείχους
893 559 999 635 ζῶσαν
1019 581 1076 622 κα-

61 659 226 747 τώρυξαν·
264 662 325 727 δύο
364 657 401 726 δὲ
436 664 515 738 ταὺς
547 660 798 748 ἐξελεγχθέντας
830 661 1077 749 διαπράξασθαι

61 768 124 850 την
142 767 279 854 φθοράν
297 768 560 851 μαστιγώσαντες
583 767 620 834 έν
638 777 773 857 φανερῷ
795 778 992 854 παραχρῆμα
1016 768 1075 834 άπ-
1103 788 1116 829 5

62 871 211 939 έκτειναν
242 871 298 938 καὶ
331 874 411 958 μετά
441 882 539 939 τοῦτο
567 876 651 939 καλδι
678 875 718 939 τά
746 874 819 957 ίερδι
845 873 900 940 καὶ
927 876 967 940 τά
994 900 1076 960 μαν-

60 981 205 1064 τεύματα
228 980 273 1056 ὡς
304 978 489 1064 ἀφεικότων
521 981 634 1056 αὐτοῖς
665 991 732 1044 τῶν
761 986 853 1045 θεῶν
880 983 940 1046 τὸν
962 984 1075 1068 χόλον,

63 1080 199 1169 ἐγίνετο.

128 1191 288 1257 LXXXX.
325 1189 381 1269 Ὡς
404 1188 441 1257 δὲ
464 1199 611 1276 καθῆκεν
630 1193 648 1259 ὁ
672 1202 739 1257 τῶν
757 1191 977 1278 ἀρχαιρεσιῶν
999 1196 1076 1276 χρό-

10 1316 135 1382 ί3κνος,
163 1298 334 1364 ἐλθόντων
356 1309 423 1364 τῶν
445 1298 580 1363 ὑπάτων
602 1300 709 1382 πολλὴ
740 1299 870 1382 σπουδη
893 1296 948 1363 καὶ
970 1297 1075 1384 παρά-
1090 1319 1115 1358 10

59 1403 148 1482 ταξις
176 1402 305 1487 ἐγένετο
337 1414 410 1494 τοῦ,
426 1406 534 1488 δημου
567 1406 650 1491 πρὸς
677 1407 756 1481 τοὺς
781 1408 974 1490 πατρικίους
999 1402 1076 1491 περὶ

60 1520 128 1576 τῶν
150 1508 439 1595 παραληψομένων
466 1511 528 1594 την
554 1511 735 1596 ἡγεμονίαν
765 1510 908 1597 ἀνδρῶν.
954 1509 1075 1577 ἐκείνοι

60 1612 122 1702 μὲν
145 1617 208 1702 γάρ
227 1615 348 1682 ἐκτῶν
366 1614 537 1703 νεωτέρων
556 1614 735 1701 ἐβούλοντο
754 1620 833 1694 τοὺς
856 1618 1075 1704 δραστηρίους

59 1747 95 1788 τε
122 1722 177 1788 καὶ
204 1724 321 1807 η’κιστα
349 1726 547 1808 δημοτικοὺς
575 1721 629 1789 ἐπὶ
655 1725 717 1807 την
743 1724 903 1790 ὑπατείαν
929 1745 1075 1808 προαγα-
1158 1728 1164 1733 ’

57 1841 145 1912 γείν·
172 1828 229 1895 καὶ
256 1826 368 1916 μετῄει
395 1832 456 1915 τὴν
483 1830 589 1917 ἀρχὴν
616 1828 808 1908 κελευσθεὶς
837 1828 892 1896 ὑπ’
921 1831 1031 1897 αὐτῶν
1055 1832 1113 1898 61⁵

57 1936 134 2013 υίὸς
157 1932 296 2003 Ἀππίου
324 1938 498 2003 Κλαυδίου
531 1947 590 2003 τοῦ
622 1937 871 2022 πολεμιωτάτου
903 1946 948 2024 τῷ
980 1940 1073 2028 δημφ

59 2043 240 2118 δοκοῦντος
262 2038 358 2126 εἶναι,
381 2045 500 2128 μεστὸς
524 2043 706 2121 αὐθαδείας
728 2042 812 2131 άνηρ
834 2041 890 2108 καὶ
913 2043 1075 2130 θράσους,

58 2145 201 2232 ἑταίροις
224 2171 257 2213 τε
280 2148 336 2214 καὶ
357 2148 512 2227 πελάταις
541 2148 697 2215 ἁπάντων
724 2155 880 2215 πλείστου
902 2159 969 2214 τῶν
991 2146 1069 2214 καθ’

56 2254 191 2338 ἡλικίαν
220 2255 416 2340 δυνάμενος·
445 2256 462 2322 ὁ
493 2252 530 2321 δέ
558 2257 661 2340 δῆμος
689 2255 725 2320 έκ
751 2265 818 2320 τῶν
840 2252 1074 2339 πρεσβυτέρων

56 2384 94 2426 τε
116 2360 171 2426 καὶ
194 2370 261 2426 τῶν
283 2372 401 2449 πεῖραν
424 2364 488 2447 ἤδη
513 2363 708 2428 δεδωκότων
727 2370 785 2445 τῆς
803 2359 977 2437 ἐπιεικείας
995 2364 1073 2438 τοὺς
1087 2382 1113 2422 εο

56 2465 348 2551 προνοησομένους
366 2476 426 2533 τοῦ
440 2476 536 2552 κοινῇ
551 2466 779 2554 συμφέροντος
793 2467 964 2550 ὀνομάζων
978 2465 1073 2552 ἠξίου

56 2585 168 2639 ποιεῖν
201 2573 356 2650 ὑπάτους.
408 2574 446 2638 αἵ
476 2570 504 2638 τ’
538 2571 637 2659 άρχαὶ
670 2574 897 2657 διειστήκεσαν
928 2571 984 2638 καλ
1016 2573 1074 2650 τὰς

56 2679 212 2763 άλληλων
235 2678 378 2746 ἀνέλυον
402 2678 559 2758 ἐξουσίας.
605 2680 704 2745 ὁπότε
726 2674 788 2764 μὲν
812 2680 875 2765 γάρ
899 2679 935 2744 οί
953 2679 1108 2747 ὑπατοι2

56 2792 192 2853 καλοῖεν
223 2789 260 2853 τὸ
291 2791 422 2869 πλῆθος
454 2786 498 2862 ὡς
530 2783 760 2862 ἀποδείξοντες
790 2787 871 2861 τοὺς
903 2787 1073 2869 μετιόντας

56 2895 121 2978 την
148 2892 253 2979 άρχην
282 2891 442 2975 ὑπάτους,
470 2893 505 2957 οί
531 2892 694 2978 δήμαρχοι
722 2899 782 2956 τοῦ
809 2891 952 2956 κωλύειν
980 2893 1073 2968 ὄντες
1087 2909 1113 2951 ει

57 3001 168 3087 κύριοι
187 2997 322 3065 διέλυον
335 2999 375 3062 τδι
394 2995 597 3085 άρχαιρέσια,
616 2999 713 3065 ὁπότε
728 2993 759 3062 δ’
778 2992 820 3062 αὑ
836 2998 938 3063 πάλιν
952 2996 1073 3064 ἐκεῖνοι

131 3233 145 3280 1
166 3228 291 3296 ἀδίκημα
306 3226 361 3280 del.
375 3224 526 3295 Kiessling‚
546 3222 673 3298 ἀσέβημα
688 3224 734 3280 vel
748 3210 898 3295 ἁμάρτημα
913 3224 994 3280 scrib.
1011 3241 1071 3280 esse

58 3318 82 3355 ο.
96 3298 205 3367 Kayser
222 3299 294 3353 Ann.
313 3297 383 3368 phil.
404 3302 472 3352 1868
490 3314 518 3366 p.
533 3301 586 3351 816
658 3302 674 3351 5
694 3302 809 3368 φανερῷ
827 3304 998 3378 παραχρῆμα
1012 3297 1072 3376 Ιάπ-

59 3369 188 3426 ἑκτειναν
206 3369 256 3423 καλ
275 3369 298 3423 Ο
318 3388 348 3438 φ.
368 3367 538 3423 ἀπέκτειναν
556 3367 606 3422 καλ
623 3386 652 3422 π.
671 3367 759 3421 verba
776 3370 952 3436 transposmt
968 3367 1071 3422 Relske

60 3450 74 3496 7
94 3441 201 3512 αὑτοῖς]
222 3436 309 3502 αὖθις
322 3449 350 3512 ὀ,
369 3439 514 3508 Kiessling
585 3446 620 3493 24
639 3440 840 3504 ἀποδείξαντες
857 3438 880 3491 Β
