2424 3848
459 191 684 240 ,44-

97 351 186 434 παρδ
215 361 282 415 τῶν
311 348 443 435 ἐχθρῶν
469 353 673 434 βουλόμενος
701 352 831 433 λαβεῖν,
864 346 908 413 δι’
939 341 981 414 οὗ
1009 345 1041 413 δ’
1074 347 1116 413 ἀν

99 456 182 539 αῦτη
201 455 330 540 γένοιτο
349 459 474 542 τρόπον
492 453 547 522 καί
567 452 610 521 δι’
634 457 705 532 οἵας
724 456 897 540 δυνάμεως
915 454 1117 520 ἀνασκοπῶν

99 567 180 648 μίαν
199 563 330 648 εὕρισκε
347 560 520 648 Ῥωμαίοις
537 560 602 629 τότ’
626 561 808 628 ἀντίπαλον
827 563 923 649 ίσχῦν
946 562 1008 645 τὴν
1029 562 1117 627 Ούο-

99 671 271 752 λούσκων,
305 671 336 734 εί
367 679 463 756 κοινῇ
494 669 696 754 χρησάμενοι
729 671 845 755 γνώμη
874 666 929 733 καὶ
958 669 1119 753 τυχόντες

73 777 261 862 ιηγεμόνος
283 779 449 861 ἔμφρονος
468 774 681 859 ἐνστήσονται
699 778 782 861 πρὸς
803 775 925 852 αὐτοὺς
941 776 1001 840 τὸν
1019 777 1118 841 πόλε-

64 887 173 968 3μον.
215 881 376 965 ἐλογίζετο
395 879 501 967 <μὲν>
521 877 594 967 οὖν,
618 883 663 959 ὡς
682 884 713 947 εί
728 885 850 947 πείσειε
868 884 947 959 τοῦς
967 880 1118 946 Οὐολού-

100 1005 200 1065 σκους
224 986 386 1066 δέξασθαί
404 985 433 1054 τ’
456 988 559 1055 αὐτὸν
581 987 637 1054 καὶ
660 990 720 1073 την
742 989 924 1073 ἡγεμονίαν
943 986 1118 1074 ἐπιτρέψαι

99 1105 159 1161 τοῦ
189 1094 351 1179 πολέμου,
381 1095 506 1182 ῥᾳδίως
534 1095 623 1183 αὐτῷ
654 1094 907 1182 διαπεπράξεται
934 1097 972 1160 τὸ
1002 1097 1116 1180 ἔργον·

99 1201 252 1289 ἐτάραττε
280 1199 310 1267 δ’
338 1202 440 1267 αὐτὸν
467 1201 487 1285 ἡ
517 1203 721 1285 συνείδησις,
749 1201 800 1266 ὅτι
822 1200 1011 1276 πλειστάκις
1034 1201 1118 1265 κατὰ

60 1328 87 1367 10
99 1309 157 1387 τάς
179 1309 283 1394 μάχας
306 1309 400 1373 δεινὰ
423 1309 592 1393 δεδρακὼς
614 1303 657 1392 ἦν
679 1308 801 1384 αὐτοὺς
822 1305 877 1371 καὶ
900 1309 1013 1383 πόλεις
1034 1322 1117 1391 συμ

100 1416 240 1500 μαχίδας
267 1411 486 1501 ἀφῃρημένος.
539 1414 579 1479 οὐ
606 1416 673 1499 μὴν
701 1412 823 1497 ἀπέστη
851 1437 888 1497 γε
915 1421 974 1497 τῆς
999 1417 1118 1498 πείρας

101 1522 216 1587 διὰτὸ
239 1529 299 1585 τοῦ
322 1521 485 1586 κινδύνου
508 1518 661 1605 μέγεθος,
684 1518 755 1586 ἀλλ’
781 1522 829 1596 είς
851 1519 934 1584 αὐτὰ
956 1521 996 1584 τά
1020 1521 1117 1585 δεινά

99 1638 220 1713 χωρεῖν
247 1625 467 1709 ἐβουλεύσατο
497 1624 552 1691 καὶ
584 1627 722 1711 πάσχειν
753 1623 808 1691 ὑπ’
847 1625 956 1690 αὐτῶν
989 1625 1158 1692 ὁτιοῦν.151

64 1731 249 1817 4φυλάξας
272 1729 310 1797 δὲ
332 1732 435 1797 νύκτα
458 1731 513 1797 καὶ
534 1734 659 1817 ταύτην
682 1735 839 1797 σκοταίαν
866 1727 946 1815 ἧκεν
973 1733 1022 1808 είς
1037 1730 1117 1797 ’Ἁν-

60 1858 86 1900 15
99 1863 184 1921 τιον,
207 1839 268 1922 τὴν
291 1837 552 1922 ἐπιφανεστάτην
575 1850 642 1903 τῶν
666 1837 702 1903 ἐν
725 1838 951 1914 Οὐολούσκοις
972 1840 1116 1923 πόλεων,

99 1945 198 2030 ἡνίκα
219 1943 296 2027 περὶ
319 1945 456 2009 δεῖπνον
478 1940 563 2027 ἦσαν
582 1945 617 2009 οί
637 1946 719 2009 κατὰ
741 1944 802 2027 την
822 1946 932 2027 πόλιν,
954 1942 1010 2008 καὶ
1033 1967 1117 2032 παρ-

99 2054 212 2117 ελθὼν
232 2054 278 2129 είς
297 2053 406 2116 οίκίαν
425 2050 548 2136 ἀνδρὸς
566 2052 724 2135 δυνατοῦ,
748 2047 791 2115 δι’
814 2047 985 2134 εὐγένειάν
1005 2048 1116 2117 τεκαὶ

99 2164 246 2225 πλοῦτον
278 2155 333 2222 καὶ
360 2158 417 2233 τάς
445 2156 481 2221 ἐν
509 2168 577 2234 τοῖς
603 2155 759 2242 πολέμοις
785 2155 918 2243 πράξεις
945 2156 1030 2241 μέγα
1057 2154 1112 2242 ἐφ’

101 2263 206 2351 ἑαυτῷ
234 2273 443 2349 φρονοῦντος
468 2262 523 2328 καὶ
550 2265 587 2329 τὸ
617 2267 716 2340 ἔθνος
739 2263 820 2329 ὅλον
842 2265 983 2347 ἀγοντος
1006 2265 1052 2341 ὡς
1074 2265 1115 2329 τά

61 2393 88 2434 νο
101 2371 219 2454 πολλά,
242 2364 268 2458 ᾧ
292 2371 418 2446 Τύλλος
431 2368 560 2446 ’Ἀττιος
584 2372 688 2454 ὄνομα
706 2365 761 2455 ἦν,
785 2367 891 2452 ίκέτης
911 2378 972 2435 τοῦ
991 2367 1115 2457 ἀνδρὸς

64 2481 227 2562 ὃγίνεται
249 2478 468 2560 καθεζόμενος
497 2474 550 2541 ἐπὶ
572 2486 630 2558 της
652 2473 768 2552 ἑστίας.
815 2475 1057 2559 διηγησάμενος
1080 2473 1110 2541 δ’

101 2584 188 2672 αὐτῷ
208 2584 266 2661 τάς
283 2584 509 2668 κατασχούσας
527 2582 629 2647 αὐτὸν
647 2581 802 2666 ἀνάγκας,
821 2578 865 2646 δι’
884 2581 922 2658 ἃς
937 2579 1115 2667 ὑπέμεινεν

100 2690 153 2756 ἐπὶ
176 2694 254 2768 τοὺς
277 2689 661 2776 ἐχθροὺςκαταφυγεῑν,
691 2686 806 2774 μέτρια
829 2687 924 2773 ἠξίου
946 2683 1114 2774 φρονῆσαι

100 2796 155 2864 καὶ
184 2797 382 2883 ἀνθρώπινα
407 2793 483 2881 περὶ
510 2794 633 2882 ἀνδρὸς
661 2792 769 2859 ἱκέτου
796 2791 852 2859 καὶ
881 2792 996 2878 μηκέτι
1018 2793 1158 2860 πολέ-ισι

61 2924 87 2964 π
101 2929 179 2989 μιον
197 2903 352 2987 ἡγεῖσθαι
371 2904 430 2967 τὸν
448 2901 640 2987 ὑποχείριον
658 2899 735 2986 μηδ’
753 2904 799 2978 είς
816 2903 894 2976 τοῦς
912 2894 1115 2986 ἀτυχοῦντας

99 3010 154 3076 καὶ
189 3007 491 3093 τεταπεινωμένους
528 3007 792 3076 ἀποδείκνυσθαι
829 3008 890 3091 τὴν
927 3009 1024 3093 ίσχὺν
1063 3009 1113 3075 ἐν-

173 3175 189 3222 6
209 3162 343 3237 ἐλογίζετο
358 3174 427 3236 γοῦν
442 3165 465 3219 Ο
480 3162 615 3234 ἐλογίζετο
630 3162 681 3220 ούν
695 3183 717 3219 ο.
734 3164 857 3219 Sintenie
868 3129 1020 3220 Εω.])ὶοι1.
1031 3166 1112 3220 11112

102 3233 123 3292 ἐ.
143 3238 194 3308 μὲν
214 3235 264 3292 οῦν
284 3238 384 3292 Garrer
399 3236 464 3291 obs.
480 3255 506 3306 p.
522 3244 556 3292 38
629 3244 644 3291 9
664 3235 822 3298 πλειστάκις
840 3234 925 3307 κατὰ]
939 3234 1047 3290 πλεῖστ’
1065 3237 1114 3290 αῦ-

101 3311 166 3371 τοῦς
184 3309 256 3364 κατὰ
271 3327 292 3364 ο.
314 3307 592 3376 CobetObs.p.152
611 3312 725 3361 πλεῖστα
744 3306 817 3361 κατὰ
829 3306 904 3360 Prou
960 3312 994 3361 10
1013 3308 1114 3369 αύτούς

3 3420 5 3424 1
102 3380 157 3434 del.
177 3379 334 3435 cobetl.1.
392 3385 425 3432 14
440 3377 543 3433 Ἀντίον
557 3378 610 3432 ΑΒ
666 3386 698 3432 15
714 3373 744 3433 ἐν
763 3394 817 3432 om.
832 3378 857 3430 A
911 3383 944 3431 22
964 3377 1114 3448 ὑπέμεινεν

102 3452 127 3503 Α
146 3450 280 3522 ὑπομένει
299 3455 376 3519 Amg
436 3457 470 3505 26
486 3444 759 3505 ἐπιαποδείκννσθαι
777 3449 803 3500 Α
