2424 3848
538 184 705 232 ..Η-

115 349 174 411 τὸν
200 344 423 411 Οὐολούσκων
453 343 612 428 ὑβριστην
639 344 794 408 καθελὼν
821 344 962 427 στρατὸν
991 340 1047 407 καί
1070 345 1131 408 τὸν

115 451 261 535 ἡγεμόνα
289 449 399 515 αὐτῶν
427 447 621 525 ἀποκτείνας
647 449 708 532 τὴν
737 451 870 532 μείζονα
891 450 1027 533 πομπην
1051 448 1133 533 ἐψη-

116 561 271 643 φίσαντο·
302 552 357 620 καί
384 555 559 637 εἰσήλασεν
587 555 605 621 ό
634 554 719 639 ἀνὴρ
742 555 834 638 ἀγων
856 555 896 620 τά
918 555 1051 640 λάφυρα
1074 553 1132 620 καί

117 667 195 740 τοὺς
222 663 448 747 αἰχμαλώτους
475 658 531 725 καὶ
556 663 618 746 τὴν
646 659 963 745 συναγωνισαμένην
986 662 1133 746 δύναμιν

90 772 236 855 ιάρματι
259 768 515 854 παρεμβεβηκώς
539 770 792 852 χρυσοχαλίνων
819 768 929 832 ἳππων
951 768 1013 851 τὴν
1035 771 1133 852 βασι-

120 876 215 958 λικὴν
251 871 474 960 ἠμφιεσμένος
505 872 648 957 ἐσθῆτα,
687 873 731 953 ώς
762 871 838 958 περὶ
869 876 947 950 τούς
979 877 1133 958 μείζονας

68 991 109 1054 10
119 981 307 1066 θριάμβους
325 984 437 1065 νόμος.
473 977 633 1068 Ἀκυλλίῳ
653 976 690 1044 δὲ
708 981 767 1046 τὸν
786 979 943 1045 ἐλάττονα
961 984 1204 1065 θρίαμβονιειο

119 1085 303 1171 ἀπέδοσαν,
331 1086 370 1152 ὃν
398 1084 493 1152 αὐτοὶ
515 1090 675 1151 καλοῦσιν
699 1084 856 1168 οὐαστήν·
888 1087 1070 1170 δεδήλωται
1095 1086 1136 1152 δέ

119 1218 176 1279 μοι
200 1195 255 1260 όιά
277 1204 344 1259 τῶν
366 1190 552 1278 προτέρων,
579 1190 622 1274 ἣν
651 1192 717 1277 ἔχει
741 1193 907 1278 διαφορὰν
930 1187 1027 1270 οὗτος
1049 1196 1134 1280 πρὸς

80 1327 106 1367 10
119 1305 179 1369 τὸν
202 1303 347 1384 μείζονα·
371 1296 427 1364 καὶ
449 1300 607 1381 εἰσῆλθεν
625 1297 644 1363 ὁ
668 1296 752 1382 ἀνηρ
775 1300 869 1375 πεζὸς
891 1300 931 1364 τὰ
953 1301 1052 1365 λοιπά
1075 1310 1135 1384 τῆς

119 1416 249 1491 πομπῆς
273 1405 482 1490 ἐπαγόμενος.
527 1401 582 1469 καί
604 1406 641 1470 τὸ
665 1406 736 1481 ἔτος
757 1414 855 1470 τοῦτο
879 1404 1037 1471 ἐτελεύτα.

186 1511 336 1578 LXVIII.
379 1512 424 1575 Οί
444 1508 481 1576 δὲ
503 1511 592 1595 παρὰ
616 1511 744 1576 τούτων
766 1512 827 1595 τὴν
848 1511 1007 1577 ὑπατείαν
1029 1535 1135 1600 παρα-

120 1623 278 1704 λαβόντες
308 1620 457 1693 Πόπλιος
493 1616 688 1701 Οὐεργίνιος
719 1615 774 1681 καί
806 1619 953 1702 Σικόριος
985 1619 1135 1699 Κάσσιος

120 1729 232 1812 τρίτου
255 1721 322 1789 τότ’
349 1721 560 1808 ἀποδειχθεὶς
582 1723 723 1807 ὕπατος,
749 1723 807 1800 τάς
829 1747 864 1789 τε
886 1727 1056 1803 πολιτικὰς
1078 1726 1135 1793 καὶ

83 1858 108 1899 15
122 1833 179 1908 τὰς
206 1830 412 1914 συμμαχικὰς
434 1828 654 1914 ἀναλαβόντες
679 1829 836 1913 ὃυνάμεις
862 1829 979 1914 ἐξῆγον
1002 1835 1050 1910 είς
1072 1835 1135 1918 τὴν

121 1938 307 2023 ὕπαιθρον,
340 1935 536 2020 Οὐεργίνιος
563 1932 623 2019 μὲν
656 1933 710 2001 ἐπὶ
738 1937 796 2013 τὰς
823 1939 980 2003 Αἰκανῶν
1011 1942 1135 2025 πόλεις,

122 2044 269 2121 Κάσσιος
304 2039 333 2108 δ’
372 2041 426 2108 ἐπὶ
459 2043 517 2120 τάς
547 2040 709 2128 Ἑρνίκων
739 2065 775 2107 τε
806 2040 862 2107 καὶ
898 2044 1135 2131 Οὐολούσκων,

122 2152 232 2239 κληρςο
251 2152 463 2233 διαλαχόντες
480 2150 538 2226 τὰς
556 2147 698 2226 ε’ξόόους.
736 2147 878 2216 Αἰκανοί
896 2147 956 2234 μὲν
975 2145 1038 2217 οὖν
1057 2153 1203 2238 dxv-1671

123 2258 288 2343 ρώσαντες
318 2257 374 2333 τὰς
405 2259 518 2332 πόλεις
548 2253 604 2321 καί
635 2257 675 2320 τά
706 2259 862 2322 πλείστου
895 2255 969 2334 ἀξια
1002 2256 1037 2323 ἐκ
1067 2270 1135 2326 τῶν

83 2391 110 2432 ιο
123 2363 236 2450 ἀγρῶν
259 2362 563 2447 ἀνασκευασάμενοι
593 2364 654 2445 την
677 2384 711 2426 τε
734 2371 798 2446 γην
820 2363 1010 2446 περιεώρων
1034 2367 1136 2452 ὐηου-

123 2467 228 2553 μένην
250 2466 305 2534 καὶ
327 2470 386 2546 τὰς
408 2468 511 2546 αὐλάς
534 2465 816 2554 ἐμπιμπραμένας,
845 2470 928 2534 ὥστε
951 2473 1033 2536 κατά
1055 2479 1136 2539 πολ-

124 2577 187 2660 λην
214 2573 385 2640 εὐπέτειαν
416 2576 434 2642 ό
464 2575 660 2660 Οὐεργίνιος
692 2575 775 2659 ὅσην
804 2575 944 2643 ἐδύνατο
975 2583 1136 2663 πλείστην

124 2682 233 2747 αὐτῶν
257 2690 320 2765 γῆν
343 2684 454 2768 κείρας
475 2705 510 2747 τε
533 2680 588 2747 καί
611 2683 860 2767 λωβησάμενος,
888 2682 1000 2769 ἐπειδη
1024 2684 1137 2764 οὐδεὶς

124 2785 208 2874 ὑπὲρ
241 2788 341 2872 αὐτῆς
378 2786 464 2874 ἐξῄει
500 2789 707 2873 μαχούμενος
738 2787 842 2873 ἀπῆγε
875 2791 937 2874 τὴν
969 2793 1136 2875 στρατιάν.

86 2884 335 2999 225ούολοῡσκοι
359 2892 396 2960 δὲ
413 2893 469 2960 καί
482 2893 645 2980 Ἕρνικες,
668 2888 718 2980 ἐφ’
741 2894 800 2972 οὓς
820 2896 838 2962 ὁ
857 2896 1004 2973 Κάσσιος
1022 2896 1137 2984 ἐστρά-

124 3019 234 3086 τευσε,
261 3003 399 3086 γνώμην
426 2998 487 3086 μὲν
514 3001 710 3084 ἐποιήσαντο
741 3000 926 3088 όηουμένης
949 3013 1005 3087 τῆς
1028 3005 1137 3091 χώρας

200 3237 212 3281 1
233 3228 325 3302 τ<ὸν>
345 3228 367 3282 Β
448 3236 464 3284 6
483 3227 574 3299 ώοπερ
593 3229 657 3291 τούς
676 3229 698 3282 Ο
719 3229 755 3291 ὡς
773 3229 838 3299 περὶ
855 3229 920 3291 τούς
937 3228 1040 3284 Reiske
1121 3240 1137 3288 8

128 3300 247 3368 εύάστην
266 3300 291 3354 Α
309 3300 368 3355 ὠόιν
387 3299 412 3353 R
431 3299 552 3369 οὐαστὴν
572 3299 754 3354 Casaubonus
773 3299 807 3353 cf.
827 3301 847 3352 V
863 3305 936 3367 47‚2
959 3305 964 3368 Ι
987 3300 1019 3356 δὲ
1040 3320 1095 3357 om.
1114 3304 1137 3358 B

128 3376 144 3424 9
162 3370 299 3441 πρότερον
317 3371 340 3424 Β
431 3370 619 3442 13πΠόπλιος]
639 3369 765 3442 Πρόκλος
788 3387 811 3424 ο.
831 3369 961 3440 Sigonius
1053 3376 1138 3431 1413

127 3443 220 3510 τρίτον
239 3459 262 3496 ο,
281 3443 384 3496 Reiske
456 3447 491 3496 24
510 3443 666 3512 μαχόμενος
684 3441 706 3496 0
725 3445 838 3511 praeter
855 3440 878 3494 B
