2378 3840
540 192 708 241 -H-

117 354 298 434 παδόντες,
324 353 383 417 τὸν
406 353 534 437 ἀπορον
560 348 615 416 καὶ
642 348 796 416 ἀνέστιον
818 346 874 415 καὶ
896 350 1057 414 ταπεινὸν
1078 345 1140 414 καί

81 459 237 523 4άπολιυ
263 455 464 536 ὑπεδέξαντό
491 481 531 543 με
558 469 630 534 ταῖς
659 455 786 523 ἑαυτῶν
812 459 937 523 πόλεσι.
985 452 1043 521 καὶ
1071 455 1140 522 οὐκ

117 563 242 651 ἀπέχρη
269 564 382 642 αὐτοῖς
409 573 507 631 τοῦτο
536 567 694 648 ποιήσασι
725 566 831 648 μόνον
862 562 949 630 οὕτω
978 565 1139 649 λαμπρὸν

115 670 172 737 καὶ
199 674 432 756 μεγαλόψυχον
464 673 580 757 ἔργον,
609 669 693 736 ἀλλά
723 667 780 736 καὶ
811 672 981 737 πολιτείαν
1008 669 1138 735 ἔδοσάν

90 795 103 837 ι
118 801 174 862 μοι
193 776 231 842 ἐν
249 775 389 855 άπάσαις
406 788 478 854 ταῖς
496 775 623 843 ἐαυτῶν
636 779 753 842 πόλεσι
770 774 825 842 καὶ
839 776 941 862 ἀρχάς
953 773 1009 841 καὶ
1025 775 1138 860 τιμάς,

117 887 154 948 αδ
174 880 324 968 μέγισται
350 880 427 969 παρ’
455 883 569 960 αὐτοῖς
594 885 690 949 εἰσιν.
736 881 779 948 ἐῶ
801 877 917 948 τᾶλλα·
945 882 1030 947 ἀλλά
1053 879 1138 948 νυνὶ

117 991 302 1074 στρατηγὸν
321 987 558 1075 ἀποδεδείχασί
573 1012 612 1073 με
631 989 858 1075 αὐτοκράτορα
875 997 934 1073 τῆς
950 987 1139 1075 ὑπερορίου

117 1105 272 1182 στρατιᾶς
288 1094 344 1161 καὶ
362 1096 470 1162 πάντα
488 1096 528 1161 τά
544 1097 642 1162 κοινά
661 1093 710 1160 ἐπ’
728 1094 802 1180 ἐμοὶ
818 1098 1014 1179 πεποιήκασι
1029 1097 1136 1184 μόνῳ.

81 1201 197 1289 ὅφέρε
224 1203 281 1286 δή,
309 1206 385 1268 τίνα
413 1203 526 1286 λαβὼν
552 1203 693 1288 καρδίαν
720 1204 882 1288 προδοίην
909 1200 952 1267 ἀν
979 1202 1027 1265 ἐτι
1056 1202 1186 1271 voi-15⁷

77 1327 103 1368 10
116 1334 209 1396 τους,
241 1306 299 1395 ὑφ’
331 1303 379 1375 ὧν
405 1311 615 1393 τηλικαύταις
641 1312 843 1394 κεκόσμημαι
869 1319 993 1392 τιμαῖς,
1025 1304 1137 1374 οὐδὲν

117 1417 194 1482 οὔτε
225 1419 337 1502 μεῖζον
369 1413 439 1482 οὔτ’
476 1419 611 1482 ἔλαττον
642 1414 829 1500 ἀδικηθείςς
863 1416 893 1480 εί
922 1414 967 1498 μὴ
998 1414 1068 1500 ἄρα
1098 1416 1139 1480 αἱ

116 1522 246 1607 χάριτες
273 1522 383 1593 αὐτῶν
410 1519 567 1587 ἀδικοῦσί
585 1544 638 1606 με,
666 1521 776 1608 ὥσπερ
798 1521 884 1605 ὑμᾶς
906 1521 944 1585 αί
964 1519 1053 1605 ἐμαί·
1075 1545 1136 1586 κα-

116 1630 180 1711 λην
206 1650 244 1710 γε
272 1626 374 1704 δόξαν
401 1632 485 1692 οίσει
515 1651 572 1712 μοι
594 1629 683 1710 παρὰ
705 1636 808 1693 πᾶσιν
830 1626 1024 1713 ἀνθρώποις
1046 1651 1135 1711 γνω-

117 1738 236 1798 σθεῖσα
258 1732 278 1816 ἡ
301 1735 577 1817 παλιμπροδοσία.
622 1737 674 1811 τίς
701 1729 731 1799 δ’
761 1732 849 1816 [οὐκ]
878 1732 920 1799 ἀν
948 1732 1138 1800 ἐπαινέσειέ

77 1856 102 1897 15
117 1860 157 1923 με
180 1836 336 1921 ἀκούσας,
359 1838 409 1904 ὅτι
431 1841 509 1916 τοὺς
531 1836 592 1924 μὲν
616 1843 745 1925 φίλους,
772 1837 833 1925 ὑφ’
860 1835 907 1906 ὧν
929 1835 968 1906 εὖ
990 1840 1135 1925 πάσχειν

117 1968 173 2029 μοι
195 1954 353 2031 προσῆκε,
379 1949 559 2031 πολεμίους
579 1946 701 2031 εὑρών,
727 1949 806 2025 τοὺς
829 1945 860 2012 δ’
886 1946 1040 2033 ἐχθρούς,
1068 1944 1128 2032 ὑφ’

117 2045 165 2116 ὧν
188 2051 288 2138 ἐχρῆν
310 2075 350 2137 με
373 2051 591 2138 ἀπολαλέναι,
615 2056 747 2138 φίλους,
770 2051 844 2119 ἀντὶ
863 2063 923 2119 τοῦ
941 2064 1051 2138 μισεῖν
1070 2050 1135 2139 μὲν

116 2159 156 2222 τά
188 2167 366 2244 μισοῦντα,
398 2164 509 2243 φιλεῖν
541 2157 580 2225 δέ
608 2161 648 2224 τά
675 2164 855 2245 φιλοῦντα,
886 2161 948 2245 τὴν
974 2157 1133 2226 ἐναντίαν

117 2263 255 2348 γνώμην
278 2268 390 2350 ἐσχον;

75 2386 102 2427 εο
182 2368 336 2434 XXXIII.
364 2368 434 2436 Ἴθι
457 2372 498 2456 δὴ
523 2374 637 2437 σκόπει
659 2367 714 2436 καί
741 2371 781 2435 τά
807 2373 896 2456 παρά
918 2377 1026 2456 θεῶν,
1054 2377 1132 2459 Μη-

115 2476 225 2560 νύκιε,
238 2522 241 2533 .
255 2467 309 2541 οἶά
338 2500 395 2561 μοι
424 2486 488 2543 νῦν
517 2475 545 2542 τ’
573 2476 754 2562 ἀπήντηται
782 2481 853 2562 καί,
883 2477 942 2543 ἐάν
972 2480 1038 2564 ἀρα
1060 2500 1133 2545 πει-

116 2581 210 2661 σθείς
231 2582 312 2668 ὑμῖν
334 2585 449 2669 προδῶ
472 2584 533 2667 την
556 2585 685 2651 τούτων
706 2588 829 2669 πίστιν,
853 2575 907 2650 οἷα
928 2587 987 2651 τὸν
1010 2588 1132 2652 λοιπὸν

115 2690 253 2777 ὑπάρξει
276 2714 333 2774 μοι
354 2692 440 2774 βίον.
485 2700 550 2756 νῦν
572 2689 635 2775 μέν
658 2713 695 2774 γε
717 2690 823 2774 πάσης
845 2689 1002 2777 πράξεως,
1025 2687 1066 2776 ἧς
1088 2693 1132 2758 ἀν

115 2798 250 2882 ἅψωμαι
271 2794 349 2862 καθ’
376 2795 482 2882 ὑμῶν,
506 2798 780 2883 συλλαμβάνουσί
799 2821 867 2881 μοι,
894 2794 949 2862 καὶ
972 2797 1132 2883 οὐδεμιᾶς

76 2881 232 2995 Ξπείρας
257 2902 483 2987 ἀποτυγχάνω.
528 2899 584 2966 καὶ
610 2911 708 2968 τοῦτο
735 2905 876 2987 πηλίκον
906 2908 1019 2969 οἴεσθε
1042 2900 1186 2972 εἶναιιοιί

116 3012 292 3098 τεκμήριον
314 3009 484 3093 εὐσεβείας
505 3016 563 3091 τῆς
585 3006 679 3092 ἐμῆς;
702 3011 734 3073 εί
750 3010 813 3095 γάρ
833 3009 874 3091 δὴ
893 3010 975 3074 κατὰ
991 3019 1050 3094 τῆς
1069 3033 1131 3078 πα,

188 3243 221 3291 12
258 3236 418 3306 άριτε.ςΒ
474 3242 508 3290 14
525 3234 611 3289 πάλιν
629 3235 768 3305 προδοσία
786 3234 809 3289 Ο
829 3252 898 3291 corr.
919 3235 1042 3308 Sylburg
1078 3241 1129 3295 οῖκ

114 3307 169 3362 δελ.
189 3257 311 3378 Sleurg
326 3311 331 3379 1
348 3304 495 3379 ἐμπτάοειέ
513 3326 561 3377 μοι
579 3323 603 3362 υ.
621 3304 725 3360 Reiske
744 3301 916 3376 ἐπιτιμήσειέ
929 3327 978 3377 μοι
995 3324 1019 3364 ο.
1078 3309 1130 3366 δεῖ

115 3376 181 3432 obs.
200 3396 228 3448 p.
243 3384 295 3433 161
376 3383 409 3433 15
453 3380 528 3441 ίλονς
547 3379 576 3432 et
595 3384 628 3433 16
647 3376 768 3447 ἐχθροὺς
786 3377 840 3433 del.
861 3378 1020 3435 00b0t1.1.
1094 3389 1126 3437 21

114 3447 251 3522 <νῖιν>Β
315 3455 349 3505 26
369 3447 406 3504 αὖ
425 3399 450 3504 g
468 3449 504 3520 δὴ
523 3447 612 3504 Cobet
630 3446 695 3504 obs.
714 3465 742 3517 p.
758 3453 807 3502 161
828 3446 855 3504 εί
871 3449 925 3520 γάρ
944 3449 980 3519 δὴ
999 3447 1036 3505 ἀν
1054 3450 1129 3507 Pron

496 3768 533 3794 A
