2424 3848
116 199 181 263 296
414 271 416 277 ,
539 201 704 252 -Θ-

118 362 274 445 στρατιάν
311 359 477 454 κατέλαβε.
529 364 715 445 πιεζόμενοι
747 362 809 444 γάρ
842 368 881 444 τῇ
913 359 1030 424 σπάνει
1062 371 1129 424 τῶν

117 457 307 550 ἀναγκαίων
335 467 371 531 οί
394 465 585 552 κατέχοντες
611 469 671 532 τὸν
699 470 804 550 λόφον
833 465 976 550 ἐξῆλθον
1004 466 1049 542 ῶς
1071 468 1129 532 τὸν

117 571 378 657 εὐτρεπέστατον
401 575 616 658 αἱρησόμενοι
637 583 704 638 τῶν
727 572 902 656 θανάτων,
923 569 979 636 καὶ
1003 576 1132 656 συμβα-

118 681 232 754 λόντες
256 689 325 754 τοῖς
347 682 516 762 πολεμίοις
539 678 700 764 ἐμάχοντο
723 680 917 762 κεκμηκότες
940 679 976 742 oc
995 682 1131 755 πλείους

90 785 157 847 ετά
188 785 321 867 σώματα
351 790 434 872 λιμῶ
465 808 500 849 τε
530 783 585 849 καὶ
615 786 696 870 δίψη
726 782 782 848 καὶ
811 782 978 870 ἀγρυπνίᾳ
1006 782 1063 848 καὶ
1089 793 1129 869 τῇ

49 909 54 918 ‘
81 891 201 974 6άλλη
230 891 379 954 κακώσει.
425 885 493 973 μετ’
524 890 565 956 οὐ
593 893 678 955 πολὺ
710 886 739 954 δ’
770 890 815 966 ὡς
843 891 880 954 τὸ
908 899 968 954 τοῦ
997 893 1198 974 Φαβίου1777

116 995 300 1079 στράτευμα
323 997 464 1078 προσιὸν
487 996 586 1079 ῶφθη
609 997 696 1059 πολύ
718 1019 753 1059 τε
776 992 831 1059 καὶ
855 993 1131 1078 συντεταγμένον,

115 1101 243 1185 θάρσος
270 1097 331 1184 μὲν
359 1103 454 1185 ἔφερε
477 1111 547 1177 τοϊς
570 1097 756 1185 σφετέροις,
785 1097 859 1177 δέος
882 1096 920 1164 δὲ
942 1111 1012 1178 τοῖς
1033 1108 1131 1167 πολε-

116 1211 217 1290 μίοις·
250 1204 306 1271 καὶ
334 1206 370 1271 οί
399 1203 564 1289 Τυρρηνοὶ
592 1203 702 1270 οὐκέτι
729 1204 902 1290 ἀξιόμαχοι
925 1201 1013 1270 εἶναι
1035 1212 1132 1290 νομί-

77 1337 102 1375 10
118 1331 234 1390 σαντες
255 1313 338 1398 πρὸς
360 1311 494 1395 άγαθην
515 1309 623 1376 τεκαὶ
642 1310 769 1395 ἀκμῆτα
788 1313 933 1395 δύναμιν
951 1314 998 1389 είς
1017 1311 1132 1395 ἀγῶνα

115 1431 252 1504 χωρεῖν,
280 1417 406 1506 ᾤχοντο
434 1415 623 1494 ἐκλιπόντες
649 1420 726 1494 τοὺς
753 1404 904 1503 χάρακας.
951 1419 995 1494 ῶς
1023 1416 1053 1482 δ’
1084 1422 1133 1496 είς

116 1525 217 1590 ταύτὸ
241 1528 414 1608 συνῆλθον
432 1523 470 1586 αί
485 1534 552 1587 τῶν
565 1520 734 1606 Ῥωμαίων
753 1523 912 1606 δυνάμεις
934 1523 1131 1610 ἀμφότεραι,

119 1631 342 1714 στρατόπεδόν
373 1652 406 1693 τε
435 1639 610 1694 ποιοῦνται
640 1627 722 1712 μέγα
749 1633 892 1713 πλησίον
919 1638 976 1712 τῆς
1003 1635 1132 1709 πόλεως

117 1735 154 1800 ἐν
178 1735 297 1821 ε’χυρῶ,
320 1732 374 1799 καλ
397 1735 521 1811 πολλάς
542 1733 665 1820 ἡμέρας
686 1735 806 1800 αὐτόθι
826 1737 1057 1820 διατρίψαντες
1075 1737 1132 1803 καὶ

77 1866 102 1904 15
116 1843 177 1925 τὴν
209 1840 348 1924 ἀρίστην
384 1850 450 1904 τῶν
484 1839 697 1905 Οὐιεντανῶν
728 1841 840 1926 χῶραν
872 1842 1133 1927 λεηλατήσαντες

84 1947 248 2032 λάπηγον
280 1943 329 2011 ἐπ’
357 1952 451 2012 οίκου
483 1947 544 2030 τὴν
577 1947 741 2030 στρατιάν.
788 1947 832 2022 ῶς
854 1942 889 2016 ,δ’
919 1949 1071 2030 ἔγνωσαν
1099 1951 1136 2014 οί
1195 2008 1199 2015 ,

119 2052 315 2119 Οὐιεντανοὶ
338 2054 394 2128 τάς
417 2052 575 2135 δυνάμεις
597 2062 664 2117 τῶν
677 2051 846 2137 Ῥωμαίων
869 2052 1049 2137 ἀφειμένας
1067 2055 1131 2122 ἀπὸ

115 2172 183 2225 τῶν
212 2170 378 2243 σημαιῶν,
405 2158 465 2241 τὴν
494 2159 640 2236 εὔζωνον
662 2157 885 2242 ἀναλαβόντες
906 2162 1060 2244 νεότητα,
1073 2199 1075 2202 <
1088 2163 1131 2244 ἥν

82 2319 84 2322 ⁴
115 2263 143 2331 τ’
167 2263 269 2349 αὐτοὶ,
284 2261 549 2348 συντεταγμένην
572 2258 663 2348 εἶχον
686 2262 741 2329 καὶ
764 2264 824 2346 τὴν
846 2268 935 2349 παρά
958 2275 1025 2330 τῶν
1048 2272 1134 2352 πλη-

79 2397 105 2436 ω
119 2373 291 2456 σιοχῶρων
314 2380 503 2454 παροῦσαν,
531 2369 754 2453 ἐμβάλλουσιν
777 2371 824 2446 είς
847 2371 886 2435 τά
908 2377 1133 2456 προσκείμενα
1175 2379 1179 2385 ’

117 2487 156 2563 τῇ
185 2475 328 2563 σφετέρη
355 2477 446 2563 χώρᾳ
473 2477 588 2559 πεδία,
615 2473 670 2540 καὶ
698 2476 915 2559 διαρπάζουσι
937 2488 1073 2561 καρπῶν
1096 2504 1132 2544 τε

117 2583 172 2648 καλ
190 2582 410 2668 βοσκημάτων
428 2579 488 2646 καὶ·
502 2580 693 2665 ἀνθρώπων
706 2584 787 2647 όντα
804 2583 914 2666 μεστά.
945 2586 1133 2669 κατέβησαν

117 2692 180 2774 γάρ
205 2689 240 2755 ἐκ
263 2700 330 2754 τῶν
353 2688 526 2772 ἐρυμάτων
545 2690 581 2754 οί
600 2686 741 2774 γεωργοὶ
759 2693 855 2774 χιλοῦ
872 2712 907 2753 τε
924 2699 993 2754 τῶν
1011 2693 1133 2776 βοσκη-

117 2796 229 2879 μάτων
256 2794 352 2860 ἕνεκα
379 2791 434 2858 καὶ
457 2793 611 2878 ἐργασίας
633 2805 700 2860 τῶν
723 2793 835 2879 ἀγρῶν
857 2797 1068 2874 πιστεύοντες
1090 2807 1203 2882 τηικτὸ

76 2927 102 2966 25
117 2900 259 2988 σφετέρᾳ
282 2907 417 2987 στρατιᾷ
435 2898 672 2986 προκαθημένῃ
691 2898 745 2964 καλ
765 2901 805 2965 οὐ
824 2901 1014 2985 φθάσαντες
1032 2901 1133 2968 ἀπελ-

115 3008 245 3090 θούσης
263 3005 555 3071 ἀνασκευάσασθαι
573 3007 685 3090 πάλιν,
704 3006 766 3072 οὐκ
782 3006 973 3084 ἐλπίσαντες
987 3019 1132 3074 τοσαῦτα

189 3164 288 3226 2τοδς
306 3163 411 3232 λόφους
429 3163 476 3216 Ba
548 3164 654 3234 όδίψχ
673 3163 696 3215 Β
715 3164 795 3231 δίψει
814 3165 838 3216 R
857 3163 892 3218 cf.
909 3164 945 3217 IX
961 3169 1039 3231 21‚2
1115 3173 1132 3220 8

117 3233 219 3305 ἔφερον
238 3237 263 3287 Α
341 3239 373 3288 16
396 3233 447 3302 τὴν
467 3232 599 3304 στρατιάν
618 3233 673 3289 del.
691 3232 835 3302 Kiessling
908 3239 942 3286 18
965 3243 1087 3303 σημειῶν
1107 3241 1133 3289 Α

117 3309 237 3375 σημείων
257 3307 278 3359 Β
299 3312 303 3372 Ι
324 3305 456 3377 λαβόντες
475 3306 499 3356 A
561 3309 593 3358 19
612 3305 707 3366 αὐτοῖς
725 3303 772 3357 Ba
832 3310 867 3359 26
886 3304 1134 3369 ἀνασκευάσαντες

117 3375 167 3428 ΑΟ
191 3376 444 3431 ἀνασκευάσασθαι
466 3373 569 3444 BOmg
594 3378 598 3444 Ι
625 3376 676 3429 οόκ
700 3370 904 3440 ἐλπίσαντεςΑ
928 3377 978 3429 οὐκ
998 3373 1034 3429 διν
1054 3371 1133 3431 ἑλπί-

116 3462 215 3507 σαντες
234 3448 255 3499 Β
275 3445 338 3501 οὐδ’
355 3443 392 3501 ἐλ.
412 3445 556 3514 Kiessling
766 3467 770 3476 ·

69 3572 183 3624 aa
