2424 3848
544 215 707 268 ε-Θ..

119 374 176 442 καὶ
198 378 300 459 λόγον
323 374 487 441 ἀπαιτεῖτε
510 385 568 461 τῆς
591 379 797 473 στρατηγίας,
820 374 948 460 ἕτοιμός
967 377 1034 459 είμι
1053 373 1138 439 ἀπο-

120 486 343 567 λογήσασθαι·
374 483 405 546 εί
431 479 461 547 δ’
489 480 542 547 ἐπὶ
569 485 731 569 τιμωρίαν
758 481 1048 566 κατεγνωσμένην,
1078 480 1137 547 καὶ

120 584 222 654 οὐδὲν
252 591 342 654 ἔσται
358 601 428 673 Ιμοι
456 586 559 655 πλέον
583 589 816 673 ἀποδείξαντι,
847 589 891 666 ὡς
918 585 1019 654 οὐδὲν
1047 588 1137 673 ὑμᾶς

120 695 236 780 ἀδικῶ,
259 698 417 782 λαβόντες
436 696 473 760 τὸ
493 706 586 779 σῶμα
605 695 624 759 ὅ
642 718 674 760 τι
692 696 794 760 πάλαι
811 697 977 780 βούλεσθε
996 701 1135 780 χρῆσθε.

85 781 198 896 ξέμοί
217 825 251 866 τε
275 803 338 888 γάρ
360 813 509 886 κρεῖττον
531 799 653 890 ἀκρίτῳ
672 800 858 867 ἀποθανεῖν
877 807 1016 886 μᾶλλον,
1039 789 1151 885 ἣλόὲ

120 931 183 990 γον
205 911 339 992 τυχόντι
361 905 416 972 καὶ
439 909 483 992 μη
501 912 656 974 πείσαντι
678 908 776 992 ὑμᾶς·
804 906 936 992 δόξαιμι
958 909 1022 994 γάρ
1046 907 1136 992 <ἀν>
1161 910 1172 921 ‘
1201 990 1203 995 .

121 1017 184 1078 σὺν
213 1014 288 1100 δίκη
315 1015 469 1098 πάσχειν,
499 1015 518 1079 ὅ
540 1038 573 1080 τι
600 1016 642 1079 ἀν
664 1038 729 1098 μου
751 1024 956 1098 καταγνῶτε,
984 1013 1080 1098 ὑμεῖς
1101 1011 1131 1078 τ’

121 1118 158 1184 ἐν
186 1118 335 1185 ἐλάττονι
364 1122 453 1207 αἰτίᾳ
480 1123 597 1186 ἔσεσθε
625 1119 829 1205 ἀφελόμενοί
852 1145 917 1204 μου
943 1122 1003 1185 τὸν
1031 1121 1136 1203 λόγον

120 1229 191 1310 καί,
220 1225 257 1290 ἐν
284 1219 310 1314 ᾧ
341 1225 421 1309 [καὶ]
451 1233 486 1292 εί
507 1249 540 1292 τι
567 1226 671 1292 ἀδικῶ
693 1227 779 1311 ὑμᾶς
801 1227 928 1309 ἀδηλόν
952 1225 1058 1311 ἐστιν,
1080 1229 1136 1292 ἔτι

81 1351 107 1390 10
120 1343 192 1410 ταῖς
214 1322 328 1417 ἀργαῖς
344 1334 567 1419 χαρισάμενοι.
604 1335 695 1398 ἔσται
714 1331 754 1397 δέ
769 1357 826 1417 μοι
844 1333 864 1416 ἡ
885 1332 1018 1398 διάνοια
1036 1333 1133 1417 ὑμῶν

121 1437 157 1503 ἐκ
184 1447 241 1523 τῆς
268 1437 455 1525 ἀκροάσεως
481 1442 686 1524 καταφανής,
712 1440 851 1529 θορύβῳ
875 1462 911 1504 τε
932 1437 989 1504 καὶ
1010 1439 1136 1527 ἡσυχίᾳ

120 1546 292 1628 εἰκάζοντι,
315 1548 456 1629 πότερον
475 1541 528 1609 ἐπὶ
545 1548 708 1630 τιμωρίαν
725 1544 746 1628 ἣ
764 1541 818 1608 ἐπὶ
838 1546 935 1628 δίκην
954 1543 1200 1628 κεκληκατίιεει

85 1653 170 1734 3με.
212 1647 308 1716 Ταῦτ’
332 1652 435 1715 είπων
456 1649 583 1735 ἐπέσχε·
607 1660 702 1735 σιγῆς
725 1646 763 1716 δὲ
785 1648 966 1734 γενομένης
989 1649 1136 1716 καὶτῶν

121 1759 284 1820 πλείστων
315 1756 550 1840 ἐμβοησάντων
577 1763 719 1843 θαρρεῖν
745 1780 780 1822 τε
807 1754 862 1822 καὶ
890 1756 952 1822 ὅσα
979 1758 1137 1840 βούλεται

83 1880 108 1920 15
123 1860 247 1946 λέγειν,
274 1864 476 1948 παραλαβὼν
498 1865 557 1929 τὸν
580 1866 683 1945 λόγον
705 1864 806 1929 πάλιν
829 1861 951 1941 ἔλεξεν·
993 1859 1080 1928 Ἀλλ’
1106 1870 1142 1928 εί

121 1992 173 2034 τοι
196 1969 366 2047 δικασταῖς
389 1970 479 2054 ὑμῖν,
503 1965 529 2034 ὦ
551 1973 694 2053 πολῖται,
715 1959 838 2053 καὶμὴ
862 1968 997 2053 ἐχθροῖς
1014 1971 1137 2054 χρησο-

121 2100 195 2161 μαι,
227 2076 350 2163 ῥᾳδίως
378 2080 506 2140 πείσειν
534 2075 620 2159 ὑμᾶς
649 2081 775 2160 οίομαι,
807 2075 858 2140 ὅτι
888 2071 989 2140 οὐδὲν
1019 2073 1136 2139 ἀδικῶ.

121 2186 301 2267 ποιήσομαι
329 2177 366 2246 δὲ
392 2183 454 2265 τὴν
481 2180 586 2268 ἀρχὴν
613 2193 680 2247 τῶν
708 2184 834 2265 λόγων,
865 2179 897 2258 ἐξ
922 2175 970 2246 ὧν
993 2181 1136 2259 ἅπαντες

85 2324 87 2329 ·
123 2295 200 2353 ίστε.
247 2288 310 2372 ἐγὼ
337 2287 497 2382 κατέστην
526 2287 579 2353 ἐπὶ
602 2290 664 2373 τὴν
688 2286 792 2374 ἀρχὴν
816 2290 879 2353 σὺν
901 2295 947 2375 τβ
970 2290 1134 2376 κρατίστῳ

82 2413 109 2454 2⁰
124 2394 321 2483 Οὐεργινίῳ,
338 2388 417 2460 καθ’
435 2394 474 2460 ὃν
492 2397 615 2479 χρόνον
629 2392 883 2478 ἐπιτειχίσαντες
900 2394 982 2478 ὑμῖν
997 2393 1034 2458 oc
1050 2397 1134 2478 Τυρ-

123 2498 220 2588 ρηνοὶ
249 2503 309 2566 τὸν
337 2496 420 2585 ὑπὲρ
451 2509 508 2585 τῆς
536 2502 664 2576 πόλεως
695 2501 802 2584 λόφον
836 2498 942 2582 πάσης
974 2497 1136 2580 ἐκράτουν
1197 2558 1199 2562 ,

122 2617 179 2692 τῆς
205 2608 376 2693 ὑπαίθρου
404 2608 549 2692 [άρχῆς],
575 2605 631 2673 καὶ
657 2605 693 2671 ἐν
717 2605 825 2672 ἐλπίδι
848 2601 935 2689 ἦσαν
957 2615 1017 2671 τοῦ
1040 2629 1137 2670 κατα·
1170 2681 1172 2687 ⁴

123 2715 239 2780 λύσειν
261 2714 355 2798 ἡμῶν
378 2715 439 2797 τὴν
462 2713 568 2798 ἀρχὴν
591 2711 628 2777 ἐν
650 2713 749 2796 τάχει.
795 2713 889 2795 λιμὸς
911 2707 949 2775 δὲ
971 2714 1078 2788 πολὺς
1100 2710 1135 2775 ἐν

122 2829 162 2905 τῇ
184 2821 279 2885 πόλει
302 2817 357 2884 καὶ
376 2820 489 2896 στάσις
506 2816 561 2883 καὶ
579 2826 640 2885 τοῦ
657 2822 693 2883 τί
707 2819 769 2902 χρὴ
788 2817 943 2902 πράττειν
961 2815 1135 2900 ἀμηχανία.

82 2960 110 3002 25
123 2928 286 3003 τοιούτοις
321 2927 363 3010 δη
400 2936 527 3012 καιροῖς
558 2924 691 3002 ἐπιστάς
722 2923 809 2989 οὕτω
843 2923 1048 3008 ταραχώδεσι
1082 2919 1135 2987 καὶ

196 3119 281 3189 ὅάκρ
283 3120 331 3192 ίτῳ
346 3116 411 3173 add.
425 3117 448 3170 B
504 3116 691 3187 6δόξαιμι
661 3137 714 3187 γαρ
729 3114 766 3170 ἀν
781 3115 814 3169 οό
829 3115 880 3168 ουν
894 3115 960 3186 δίκη
975 3129 1000 3168 c.
1014 3113 1133 3183 Reiskel

123 3189 211 3245 verba
228 3140 295 3245 ἰωάο
314 3174 351 3245 ‘ab
370 3187 484 3259 δόξαιμι
502 3204 590 3278 usque
609 3187 647 3242 ad
664 3188 737 3257 ὑμᾶς
749 3203 776 3240 v.
792 3189 821 3239 9
823 3202 877 3241 om
891 3186 938 3238 Βο
942 3133 1021 3238 ”add
1037 3185 1136 3252 Bbmg

124 3268 141 3316 8
160 3261 190 3315 λό
192 3281 242 3330 γον
261 3255 331 3315 ἒν
311 3283 332 3334 ῳ
352 3262 376 3314 A
395 3263 418 3316 λ
437 3260 486 3315 καὶ
505 3253 575 3314 ἐν
555 3280 576 3332 ω
595 3258 618 3311 Β
697 3264 713 3312 9
732 3257 782 3312 καὶ
800 3258 865 3310 ante
884 3256 955 3310 εἴτι
974 3255 1029 3310 del.
1050 3255 1136 3311 Cobet

124 3281 227 3402 Obayp
229 3337 303 3387 ,178
375 3336 409 3385 16
427 3352 471 3386 τοι
490 3330 554 3386 add.
559 3313 596 3382 Β
669 3334 703 3383 20
721 3329 799 3397 ὑμῶν
816 3325 842 3379 A
862 3328 867 3397 Ι
888 3323 917 3380 ολ
933 3343 988 3381 om.
1007 3327 1030 3380 B
1103 3330 1134 3380 22

44 3436 46 3440 ι
124 3352 227 3470 ἀρχῆςρ
230 3402 283 3458 del.
298 3403 401 3456 Reiske
417 3405 422 3474 Ι
438 3402 525 3458 verba
542 3401 609 3455 inde
629 3398 664 3453 ab
683 3399 771 3469 ἀρχῆς
788 3414 877 3466 usque
897 3396 980 3452 ad
952 3417 1004 3466 την
1024 3414 1078 3453 om.
1092 3396 1136 3450 Ba

71 3471 190 3630 ιοάό.
209 3473 311 3542 Bbmg
335 3474 339 3546 Ι
365 3474 515 3528 καταλύειν
535 3471 557 3526 0
576 3472 689 3541 praeter
707 3468 727 3524 C
