2424 3848
106 185 148 249 82
530 189 690 237 -Ζ-

42 344 46 350 ’
104 347 199 433 μέχρι
221 350 320 431 τήσδε
343 357 400 432 τής
426 348 555 432 ἡλικίας
582 347 637 411 διὰ
667 352 792 432 πολλῆς
813 350 928 432 πείρας
950 357 1062 412 κακῶν
1084 369 1117 412 τε

103 451 158 519 καλ
182 452 320 538 ἀγαθῶν
338 452 545 536 ἐληλυθότες.
581 451 729 536 πολέμου
748 449 779 517 δ’
800 451 946 536 ἀπειλάς,
964 445 1017 530 αἷς
1035 453 1119 539 χρώ-

104 584 198 644 μενοι
225 563 358 645 φοβεῖτε
385 558 486 644 ήμόις,
513 559 554 625 ού
582 569 646 624 νῦν
673 570 805 645 πρῶτον
828 556 1033 643 ἐπαγομένας
1055 556 1114 646 ὑφ’

102 666 214 750 ὑμῶν,
241 665 325 731 ἀλλά
340 666 509 745 ,πολλάκις
535 667 599 750 ήδη
623 663 678 731 καὶ
701 665 766 731 ὑπὸ
788 670 923 738 πολλῶν
946 665 1119 732 ἐπανασει-

76 777 241 850 οσθείσας
254 782 293 858 τῇ
308 774 449 856 συνήθει
465 775 623 860 πραότητι
640 773 845 858 παραδόντες
863 770 1120 856 ἀκαταπλήκτως

68 884 248 963 ὃοίσομευ.
294 878 348 945 καὶ
376 882 407 943 εί
433 880 536 963 δήπερ
565 879 701 962 δράσετε
728 880 768 944 τὰ
798 879 895 964 ὅμοια
924 870 974 956 οἷς
997 877 1160 965 λέγετε,111

103 985 322 1071 ἀμυνούμεθα
344 985 447 1062 θεούς
468 1008 503 1050 τε
527 986 776 1068 συναγωνιστὰς
799 987 942 1070 ἔχοντες,
968 988 1005 1050 οδ
1024 1008 1120 1070 νεμε-

104 1103 187 1157 σῶσι
218 1104 287 1169 τοϊς
319 1093 458 1178 ἀρχουσι
489 1089 635 1175 πολέμου
668 1090 803 1176 ἀδίκου,
834 1089 889 1156 καὶ
925 1090 1120 1178 ἀνθρώπων

103 1198 232 1277 ἕξοντες
258 1211 351 1286 χεῖρα
380 1198 441 1264 οὐκ
465 1197 581 1282 ὀλίγην
605 1199 787 1283 σύμμαχον.
833 1201 976 1263 Λατῖνοί
995 1221 1030 1263 τε
1055 1200 1119 1285 γὰρ

62 1327 88 1367 ιο
102 1307 254 1390 ἅπαντες,
278 1297 328 1382 οἷς
350 1302 469 1370 νεωστὶ
491 1306 552 1388 τήν
576 1306 798 1370 ἰσοπολιτείαν
822 1304 1025 1388 δεδώκαμεν,
1054 1308 1119 1371 σὺν

100 1412 180 1495 ήμίν
195 1413 383 1495 στήσονται,
405 1411 450 1486 ὡς
462 1408 537 1495 περὶ
550 1410 709 1493 πατρίδος
727 1411 791 1494 ήδη
806 1419 863 1493 τῆς
875 1412 1003 1487 πόλεως
1015 1412 1119 1495 τῆσδε

101 1517 348 1601 ἀγωνιζόμενοι,
372 1517 408 1580 αί
428 1512 456 1580 τ’
480 1514 618 1581 ἐνθένδε
640 1515 887 1582 ἀποικισθεῖσαι
905 1519 1018 1594 πόλεις
1037 1523 1118 1584 πολ-

101 1621 155 1687 λαλ
178 1620 233 1687 καλ
256 1620 380 1705 ἀγαθαὶ
403 1620 479 1707 περὶ
500 1625 623 1700 παντὸς
644 1625 840 1708 ποιούμεναι
866 1614 1031 1701 σώζεσθαι
1054 1625 1117 1709 τήν

66 1730 304 1813 6μητρόπολιυ
328 1728 514 1813 ἀμυνοῦσιν
537 1729 628 1816 αὐτη.
674 1732 705 1795 εί
733 1725 762 1794 δ’
790 1731 837 1806 εἰς
859 1728 1007 1813 ἀνάγκην
1031 1730 1117 1816 ἡμᾶς

61 1856 86 1896 15
101 1837 325 1900 κατακλείσετε
352 1844 409 1919 τῆς
436 1839 645 1922 πανταχόθεν
673 1836 863 1922 ἐπικουρίας
889 1834 1117 1923 περιέχεσθαι,

100 1942 345 2026 ὑπομενοῦμεν,
368 1937 394 2007 ὦ
414 1940 525 2025 Δέκιε,
547 1941 602 2007 καὶ
620 1943 830 2027 θεράποντας
849 1944 897 2019 εἰς
919 1942 1117 2031 ἐλευθερίαν

100 2049 366 2133 προκαλούμενοι
393 2047 448 2113 καὶ
475 2052 654 2132 πολεμίους
685 2050 733 2125 είς
764 2052 880 2134 φιλίαν
908 2046 964 2113 καὶ
991 2050 1118 2128 πάντας

101 2155 302 2238 ἀνθρώπους
329 2157 376 2232 είς
402 2158 582 2220 κοινωνίαν
609 2165 676 2220 τών
704 2153 740 2219 ἐκ
769 2164 827 2238 τῆς
853 2158 947 2239 νίκης
969 2154 1116 2222 ἐλπίδων

99 2262 200 2345 ὁμόσε
227 2271 347 2347 χωρεῖν
375 2261 465 2345 ὑμῖν.
510 2263 656 2345 μηθενὸς
679 2257 717 2326 δέ
744 2261 871 2327 τούτων
896 2263 1061 2347 δεήσειεν,
1090 2257 1115 2328 ώ

60 2389 86 2427 ιο
101 2372 168 2433 Ζεῦ
186 2370 241 2432 καὶ
259 2366 335 2433 θεοὶ
354 2368 473 2445 πάντες
491 2368 526 2432 ολ
541 2370 640 2433 πόλιν
653 2369 715 2451 τήν
729 2365 897 2452 Ῥωμαίων
913 2367 1116 2455 κατέχοντες,

100 2472 172 2540 ἀλλ’
199 2480 248 2556 είη
272 2473 368 2559 μέχρι
390 2477 500 2556 λόγων
523 2475 562 2539 τδι
585 2475 713 2559 φοβερὰ
736 2472 827 2540 ’ταῦτ’
854 2473 984 2556 ἐλθεῖν,
1015 2477 1129 2560 ἐργονΙ

100 2577 137 2644 δέ
161 2576 269 2663 μηθέν
293 2579 325 2657 ἐξ
351 2580 461 2645 αὐτῶν
483 2577 604 2662 γένοιτ’
632 2581 738 2666 ἀχαρι.

130 2773 132 2775 ‚
165 2686 269 2751 LIIII.
305 2690 414 2752 Ταῦτα
437 2682 498 2770 μὲν
512 2684 652 2764 ’Ἀππιος
675 2682 775 2752 εἶπεν.
811 2687 945 2763 Μαίνιος
968 2682 1006 2752 δὲ
1027 2687 1115 2753 Οὐα-

98 2793 207 2878 λέριος
230 2793 248 2859 δ
268 2794 528 2877 δημοτικώτατος
546 2798 612 2858 τῶν
631 2792 667 2858 ἐκ
685 2803 745 2860 τοῦ
764 2795 944 2880 συνεδρίου
962 2792 1019 2859 καὶ
1039 2792 1114 2881 περὶ

169 2947 332 3020 2ιιολέμων
352 2947 417 3003 οὐδὲ
433 2947 456 3002 Ο
475 2965 544 3006 corr
561 2948 622 3002 Sin
623 2948 684 3003 onis
698 2949 759 3004 Em.
774 2949 855 3004 Dion
870 2950 944 3005 1135
961 2953 965 3017 Ι
982 2949 1024 3014 οἷς
1037 2950 1114 3005 ΑΒε

98 3017 403 3082 4.ἐπαναταθείσαςο
424 3019 545 3110 Sylburg
608 3019 894 3089 5ἀκατύπληκτοιο
914 3021 1039 3077 Βεοδλετ
1056 3021 1113 3077 'Pir

97 3091 158 3146 crit.
181 3110 207 3160 p
229 3100 244 3147 6
331 3099 346 3146 6
371 3089 398 3146 εί
419 3089 508 3158 δήπερ
532 3091 648 3160 δράσετε
667 3092 743 3145 ABb
768 3092 796 3147 εἰ
812 3094 913 3162 δηπερι
931 3092 1048 3174 δράσετε
1066 3092 1114 3147 Ba

98 3164 175 3232 εἴπερ
193 3161 229 3230 δή
249 3164 291 3233 δρ.
310 3162 455 3230 Kiessling
474 3162 501 3218 εί
518 3161 549 3216 δὲ
564 3162 613 3216 καὶ
627 3161 742 3232 δράσετε
756 3163 864 3233 Kayser
878 3169 947 3218 Ann.
962 3163 1032 3234 phil
1045 3169 1113 3219 1868

96 3252 124 3303 p.
139 3237 190 3286 815
210 3232 259 3286 καὶ
268 3184 300 3287 εί
312 3232 347 3302 δή
362 3233 411 3287 καλ
425 3234 540 3303 δράσετε
556 3233 658 3287 Reiske
706 3241 737 3287 12
757 3235 792 3305 ἀγ
794 3233 898 3304 ωνισόμ
900 3253 997 3290 ενοιο.
1013 3237 1112 3290 Portus

99 3309 131 3358 15
150 3301 187 3372 μή
206 3302 414 3394 περιέχεσθαι
407 3305 510 3360 ABbC
567 3310 599 3358 19
617 3304 684 3394 ἡμῖν
704 3304 755 3358 ΑΒ
810 3313 845 3361 20
863 3313 918 3360 τῶν
932 3304 970 3362 ‘.P
990 3307 1043 3362 AB
1062 3305 1113 3375 τήν

93 3372 174 3428 PR
263 3381 295 3428 21
315 3372 414 3429 ἀλλ’
398 3375 503 3447 ημέρ
505 3374 585 3430 ιΑΒ
609 3373 671 3429 ἀλλ’
693 3377 784 3447 είημ.
803 3376 986 3432 casaubonus
1077 3383 1113 3432 23

96 3444 207 3508 Μαλιος
225 3446 276 3499 ΑΒ
294 3451 298 3514 Ι
316 3443 450 3515 Φαλέριος
468 3397 503 3500 ἀρ
