2424 3848
495 165 662 219 -Θ-
1019 164 1083 229 371

69 327 129 403 τάς
155 323 372 411 νομιζομένας
399 324 584 392 άποδοῦναι
611 334 656 413 τῷ
686 324 785 412 πατρὶ
807 327 909 411 τιμάς.
948 324 1086 403 ’Ἁππιος

70 430 134 518 μὲν
158 427 222 498 οὖν
243 434 397 517 τοιαύτης
419 437 572 516 τελευτῆς
595 434 719 517 ἐτυχεν.

77 588 80 592 ,
137 537 205 603 LV.
250 539 295 603 Οί
325 535 354 602 δ’
389 537 509 604 ὕπατοι
540 537 809 623 καταγράψαντες
839 539 896 616 τάς
929 539 1087 624 δυνάμεις

70 644 190 729 ἐξῆγον
218 642 254 709 ἐκ
281 654 338 729 τῆς
360 647 500 721 πόλεως·
530 644 673 720 Λεύκιος
694 640 755 728 μὲν
780 641 962 731 Οὐαλέριος
985 646 1032 710 Al
1073 682 1085 694 ·

69 762 143 828 νοῖς
165 752 378 835 πολεμήσων,
409 748 559 836 Τιβέριος
582 747 612 814 δ’
640 751 794 834 Αίμίλιος
816 754 986 834 Σαβίνοις.
1030 747 1086 816 καὶ
1112 779 1126 821 ε

69 859 134 943 γάρ
163 853 256 923 οὗτοι
284 857 366 920 κατά
388 857 447 921 τὸν
471 864 528 939 τῆς
551 856 694 933 στάσεως
716 858 834 940 καιρὸν
857 855 1015 940 ἐνέβαλον
1039 858 1087 934 είς

69 966 132 1049 τῆν
158 960 327 1047 Ῥωμαίων
359 963 472 1047 χώραν
504 959 559 1027 καὶ
590 962 718 1045 πολλὴν
750 962 850 1046 αὐτῆς
879 962 1086 1039 κακώσαντες

70 1065 227 1153 ἀπῆλθον
254 1071 347 1135 λείαν
370 1068 526 1153 άφθονον
548 1071 813 1154 περιβαλόμενοι.
858 1064 1001 1133 Αἰκανοὶ
1024 1062 1085 1152 μὲν

72 1170 135 1241 οὖν
161 1175 319 1251 πολλάκις
347 1176 395 1251 είς
421 1185 533 1261 χεῖρας
556 1173 713 1250 ἐλθόντες
734 1171 790 1240 καὶ
812 1175 936 1250 πολλάς
958 1175 1085 1257 πληγάς

71 1284 230 1364 λαβόντες
260 1281 308 1357 είς
339 1282 397 1346 τὸν
429 1280 556 1366 χάρακα
589 1279 625 1346 ἐν
656 1279 762 1368 ἐχυρῳ
791 1284 901 1370 χωρίῳ
931 1283 1085 1364 κείμενον
1101 1309 1126 1349 10

71 1385 260 1471 κατέφυγον
287 1384 343 1452 καὶ
369 1388 407 1451 τὸ
430 1389 549 1452 λοιπὸν
573 1383 683 1452 οὐκέτι
706 1383 874 1472 προῄεσαν
897 1388 945 1462 είς
968 1386 1084 1472 μάχην.

71 1494 90 1560 δ
115 1490 152 1558 δέ
171 1491 353 1581 Οὐαλέριος
376 1492 563 1580 ἐπεχείρησε
587 1490 648 1578 μὲν
672 1493 897 1578 ἐκπολιορκεῖν
919 1493 1029 1558 αὐτῶν
1046 1495 1120 1570 τὸ2

72 1602 307 1685 στρατόπεδον,
331 1599 483 1684 ἐκωλύθη
504 1598 534 1664 δ’
553 1600 618 1664 ὑπὸ
637 1608 697 1664 τοῦ
716 1600 902 1684 δαιμονίου.
934 1600 1085 1682 προιόντι

22 1707 134 1792 Βοογάρ
163 1706 252 1795 αὐτῷ
280 1702 335 1770 καὶ
361 1706 426 1789 ῆδη
453 1707 553 1790 έργου
583 1703 728 1795 ἐχομένῳ
757 1708 855 1790 ζόφος
881 1702 914 1783 ἐξ
938 1703 1085 1791 οὐρανοῦ

70 1816 197 1896 γίνεται
224 1809 280 1877 καὶ
307 1813 430 1897 ὄμβρος
457 1813 576 1897 πολύς,
609 1808 772 1897 ἀστραπαὶ
800 1806 837 1876 δὲ
863 1808 918 1876 καὶ
946 1810 1085 1898 βρονταὶ
1099 1839 1125 1881 15

71 1922 220 2006 σκληραί.
254 1918 550 2001 διασκεδασθείσης
568 1914 606 1982 δὲ
624 1927 681 2002 τῆς
699 1926 852 2004 στρατιάς
870 1917 888 1981 ό
906 1940 941 1982 τε
959 1920 1084 2002 χειμὼν

69 2023 175 2099 εὐθὺς
198 2021 363 2087 ἐπαύσατο
385 2019 441 2086 καὶ
463 2022 569 2105 πολλῆ
591 2019 726 2107 κατέσχε
750 2024 808 2088 τὸν
831 2023 933 2087 τόπον
957 2023 1083 2105 αίθρία.

69 2130 170 2195 τοῦτό
191 2150 227 2192 τε
250 2129 292 2212 δῆ
315 2130 352 2193 τὸ
376 2129 475 2213 ἐργον
494 2128 732 2212 ὀττευσάμενος
749 2128 767 2194 ὁ
787 2129 922 2211 ὕπατος,
944 2125 1085 2193 καὶτῶν

69 2234 222 2320 μάντεων
249 2236 447 2300 κωλυόντων
475 2237 523 2301 ἐτι
549 2239 740 2322 πολιορκεῖν
767 2236 806 2300 τὸ
833 2236 971 2320 χωρίον,
1004 2229 1084 2299 άπο-

69 2338 204 2427 τραπεὶς
229 2341 290 2424 τὴν
313 2349 377 2424 γῆν
400 2340 510 2406 αὐτῶν
533 2339 669 2424 ἐκάκου,
692 2338 747 2405 καὶ
771 2340 831 2427 ὅση
856 2336 988 2423 ἐπέτυχε
1012 2342 1084 2427 λείῳ
1098 2368 1125 2410 ιο

69 2458 140 2524 τοῖς
158 2448 371 2535 στρατιώταις
389 2448 520 2512 ἅπασαν
539 2448 743 2532 ὠφελεῖσθαι
762 2446 862 2532 ἐφείς,
885 2443 1011 2529 άπῆγεν
1030 2443 1080 2510 ἐπ’

70 2560 164 2619 οἴκου
186 2555 249 2638 τὴν
272 2554 426 2638 δύναμιν.
467 2556 608 2643 Τιβερίῳ
627 2551 658 2619 δ’
675 2555 819 2640 Αἰμιλίῳ
844 2551 1000 2631 διεξιόντι
1022 2554 1120 2637 τῆν3

69 2662 231 2744 πολεμίαν
255 2662 318 2724 σὺν
341 2664 447 2744 πολλῆ
471 2660 714 2746 καταφρονήσει
737 2655 806 2723 κατ’
830 2655 931 2744 άρχδις
953 2656 1009 2723 καὶ
1027 2659 1084 2724 οὐ-

70 2763 129 2831 δὲν
158 2767 205 2830 ἐτι
233 2766 462 2850 προσδοκῶντι
490 2761 672 2830 ἀντίπαλον
701 2764 847 2849 ἐπῆλθεν
874 2765 894 2848 ἡ
924 2768 1084 2850 Σαβίνων

70 2873 211 2955 δύναμις
228 2868 284 2935 καὶ
301 2873 428 2954 γίνεται
446 2869 532 2957 μάχη
552 2871 662 2936 αὐτῶν
682 2868 718 2935 ἐκ
735 2869 945 2957 παρατάξεως
963 2872 1082 2956 μεσοό-
1096 2897 1122 2939 νε

70 2993 130 3062 σης
153 2977 293 3062 μάλιστα
315 2980 372 3060 τῆς
392 2975 515 3063 ἡμέρας
533 2973 698 3063 ἄρξαμένη
718 2975 813 3064 μέχρι
832 2978 958 3054 δύσεως
975 2977 1082 3060 ἡλίου.

141 3209 173 3258 11
199 3203 239 3268 είς
255 3204 307 3274 τῆν
325 3202 461 3274 μάχηνΑ
519 3208 567 3256 ’13
590 3203 759 3275 προιόντιΟ
783 3203 928 3274 προσιόντι
946 3221 968 3258 ο.
987 3201 1084 3259 Riese-

68 3275 130 3345 ling
194 3279 228 3328 14
247 3276 388 3398 οὐρανοῆχ
404 3272 521 3344 αίδρίου
539 3273 565 3326 A
630 3281 661 3331 18
680 3295 709 3330 τε
729 3273 837 3331 adm
902 3281 934 3330 19
954 3273 997 3328 ὅτι
1016 3274 1082 3327 anto

68 3351 229 3417 πολιορκεῖν
248 3346 270 3398 Β
290 3362 343 3402 om.
412 3343 453 3400 ἐτι
469 3363 499 3399 π.
524 3343 647 3404 Sintenis
666 3346 726 3400 Em.
746 3344 827 3399 Dion.
848 3343 886 3398 III
906 3351 939 3399 29
1047 3349 1082 3398 20

68 3425 121 3487 γῆν
141 3413 170 3484 ἐξ
190 3417 282 3471 αὐτῶν
300 3416 376 3470 ΑΒο
393 3423 446 3487 γῆν
465 3456 495 3472 ..
515 3416 607 3470 αὐτῶν
625 3415 673 3469 Bb

867 3502 922 3552 24*
