2378 3840
487 175 654 228 -Θ-
1011 174 1075 240 359

128 333 364 400 XXXXVIIII.
401 332 457 413 Ὡς
487 333 517 401 δ’
549 332 650 402 οὐδὲν
677 335 804 421 έγίνετο
830 333 946 423 πέρας,
976 334 1077 423 χωρὶς

59 440 222 519 ἑκάστους
244 439 488 527 ἀπολαμβάνων
512 442 530 508 ὁ
549 444 716 527 Κοίντιος,
739 443 816 520 τούς
833 466 868 508 τε
887 442 1076 529 δημάρχους

60 546 117 614 καλ
140 550 199 614 τὸν
215 545 368 633 Ἄππιον,
392 548 497 615 έδεῑτο
520 547 575 615 καὶ
598 548 746 636 ἐλιπάρει
762 548 818 615 καὶ
836 550 876 614 τὰ
894 550 991 616 κοινά
1009 560 1075 615 τῶν

61 656 161 721 ίδίων
182 653 421 740 ἀναγκαιότερα
438 655 594 739 ἡγεῖσθαι
613 655 717 739 ἠξίου.
754 656 843 742 ὁρῶν
862 653 900 722 δὲ
917 659 997 734 τοὺς
1014 653 1076 742 μὲν

60 762 125 845 ἤδη
149 758 403 848 πεπειροτέρους
425 764 618 846 γεγονότας,
646 764 705 828 τὸν
729 759 767 827 δὲ
790 763 998 850 συνάρχοντα
1021 760 1075 828 έπὶ
1102 783 1116 825 ε

59 877 119 951 τῆς
145 867 247 951 αὐτῆς
274 867 455 945 αὐθαδείας
482 865 625 952 μένοντα
651 872 761 934 πείθει
783 872 862 946 τοὺς
884 867 969 953 ἀμφὶ
992 872 1076 934 Λαι-

60 975 199 1059 τώριον,
226 970 310 1060 ὑπὲρ
339 972 495 1041 ἁπάντων
519 985 587 1040 τῶν
609 971 637 1040 τ’
666 977 763 1040 ίδίων
786 974 999 1060 ἐγκλημάτων
1020 973 1075 1041 καὶ

60 1091 128 1145 τών
158 1081 329 1164 δημοσίων
358 1081 419 1164 την
447 1081 573 1165 βουλὴν
600 1091 735 1165 ποιῆσαι
762 1085 891 1167 κυρίαν.
941 1078 1012 1145 έπελ
1039 1077 1111 1151 δὶ2

15 1196 160 1256 ποτοῦτο
183 1185 391 1272 διεπράξατο,
415 1187 588 1253 συνεκάλει
610 1188 671 1271 την
694 1190 822 1272 βουλὴν
843 1184 899 1252 καὶ
921 1189 1000 1263 τοὺς
1018 1187 1076 1270 δη-

61 1293 209 1379 μάρχους
229 1295 337 1359 πολλὰ
355 1290 529 1370 ἐπαινέσας
546 1292 602 1359 καὶ
619 1303 680 1361 τοῦ
699 1294 923 1380 συνάρχοντος
942 1289 1076 1376 δεηθεὶς
1090 1313 1117 1356 10

61 1400 106 1484 μὴ
134 1398 365 1482 ἀντιπράττειν
392 1408 431 1484 τῇ
460 1403 606 1487 σωτηρίᾳ
632 1409 690 1484 τῆς
715 1402 842 1477 πόλεως
867 1398 976 1465 ἐκάλει
997 1403 1076 1476 τοὺς

59 1508 223 1583 εἰωθότας
249 1505 498 1590 ἀποφαίνεσθαι
525 1506 668 1590 γνώμας.
718 1517 847 1592 πρῶτος
874 1503 912 1572 δὲ
939 1504 1110 1590 κληδεὶςὸ

60 1614 212 1689 Πόπλιος
245 1611 428 1697 Οὐαλέριος
461 1615 675 1690 Ποπλικόλας
710 1614 849 1698 γνώμην
884 1612 1074 1698 ἀπεφήνατο

59 1720 173 1804 τηνδε·
204 1718 266 1783 ὅσα
293 1714 354 1802 μὲν
381 1716 537 1802 ἀλλήλοις
564 1717 763 1803 ἐγκαλοῦσιν
790 1720 884 1786 οἵτε
912 1721 1076 1807 δήμαρχοι

59 1823 115 1890 καὶ
143 1825 162 1891 ὁ
189 1824 328 1908 ὕπατος,
355 1820 439 1910 ὑπὲρ
463 1819 511 1890 ὧν
533 1827 662 1892 ἔπαθον
685 1825 706 1910 ἢ
729 1829 874 1913 ἔδρασαν
897 1826 934 1894 έν
956 1835 996 1913 τῇ
1019 1851 1075 1892 τα-
1089 1849 1115 1890 ιι

60 1940 157 2015 ραχη,
180 1929 293 2014 ἐπειδὴ
318 1929 380 1996 οὐκ
402 1929 435 2009 ἐξ
459 1929 637 2017 ἐπιβουλῆς
655 1930 727 1998 οὐδ’
747 1935 869 2011 οἰκείας
886 1932 1077 2011 πλεονεξίας

59 2037 173 2103 ἕνεκεν
196 2037 244 2114 είς
266 2036 349 2102 αὐτὰ
367 2036 580 2122 κατέστησαν,
604 2035 676 2102 ἀλλ’
698 2039 763 2104 ὑπὸ
782 2047 839 2123 τῆς
857 2042 904 2115 είς
921 2040 962 2103 τδι
978 2040 1077 2104 κοινδι

58 2147 264 2228 φιλοτιμίας,
291 2142 452 2228 ἀφεῖσθαι
481 2141 700 2230 δημοσίᾳκαὶ
723 2145 888 2229 μηδεμίαν
909 2139 994 2226 ὑπὲρ
1017 2143 1076 2208 αό-

60 2260 127 2314 τών
151 2243 237 2314 εἶναι
260 2250 371 2333 δίκην·
394 2247 470 2336 περὶ
493 2246 530 2314 δὲ
553 2259 614 2315 τοῦ
635 2251 755 2333 νόμον,
778 2247 891 2333 ἐπειδὴ
915 2249 933 2315 δ
952 2249 1076 2326 ὕπατος

62 2353 225 2437 [’Ἇππιος]
250 2354 312 2421 οὐκ
335 2354 373 2443 έηλ
396 2359 502 2440 νόμον
526 2355 795 2442 ἀπροβούλευτον
816 2356 863 2432 είς
880 2356 942 2440 τὴν
961 2353 1075 2439 έκκλη-
1088 2375 1116 2418 ιο

61 2465 139 2528 σίαν
162 2459 326 2548 έκφέρειν,
348 2467 594 2549 προβουλεῦσαι
617 2457 679 2546 μὲν
701 2459 777 2547 περὶ
799 2463 920 2527 τούτου
938 2463 976 2528 τὸ
996 2479 1075 2528 συν-

60 2570 188 2653 έδριον·
208 2571 286 2645 τοὺς
304 2564 342 2633 δέ
360 2568 550 2654 δημάρχους
568 2569 635 2652 ἅμα
653 2578 722 2645 τοϊς
737 2567 874 2645 ὑπάτοις
887 2565 1075 2652 ἐπιμέλειαν

58 2677 265 2758 ποιήσασθαι
287 2683 345 2758 τῆς
366 2671 403 2739 θ’
426 2675 583 2759 ὁμονοίας
604 2685 671 2740 τῶν
693 2678 850 2759 πολιτῶν,
873 2674 953 2740 όταν
973 2673 994 2758 ἡ
1012 2682 1076 2757 ψῆ·

59 2806 124 2867 φος
147 2778 223 2867 περὶ
245 2781 349 2847 αὐτοῦ
373 2777 580 2867 διαφέρηται,
602 2779 658 2845 καὶ
680 2788 737 2864 τῆς
759 2779 943 2865 εὐκοσμίας.
985 2779 1111 2849 ἔται-4

15 2888 230 2957 ιττνεσάντων
255 2884 292 2952 δὲ
314 2886 376 2971 τὴν
398 2887 534 2971 γνώμην
553 2885 709 2953 ἁπάντων
727 2886 831 2964 εὐδὺς
849 2885 994 2951 ἀνέδωκε
1012 2887 1074 2971 τὴν
1088 2907 1115 2949 ετ

59 2990 144 3080 ὑπὲρ
169 3002 231 3059 τοῦ
253 2995 360 3077 νόμον
383 3001 498 3076 ψῆφον
521 2992 539 3058 ὁ
563 2995 719 3070 Κοίντιος
740 3002 786 3081 τῷ
811 2993 991 3082 συνεδρίω,
1018 2989 1074 3057 καὶ

35 3094 166 3166 Υπολλδι
197 3095 258 3184 μὲν
287 3094 426 3164 ’Λππίου
458 3102 761 3185 κατηγορήσαντος,
798 3099 904 3165 πολλὰ
937 3095 975 3163 δὲ
1006 3108 1074 3164 τῶν

132 3298 164 3345 11
179 3290 214 3345 τδι
228 3289 388 3362 σωτήριαΔ
434 3294 466 3343 17
480 3288 551 3359 ὑπὲρ
567 3289 589 3344 O
604 3289 660 3344 δπδ
675 3288 797 3359 Sylburg
842 3295 874 3345 18
889 3288 1075 3364 ἀφ<εἴσ>δοιι

58 3362 81 3416 Β
173 3367 207 3416 20
228 3359 341 3425 ’Ἄππιος
363 3361 418 3416 del.
439 3358 527 3415 Cobet
550 3359 616 3416 obs.
639 3379 666 3430 p.
688 3366 739 3416 183
829 3366 863 3414 21
888 3360 939 3430 μὲν
964 3361 1028 3416 add.
1047 3361 1074 3414 A

59 3439 94 3490 22
118 3431 167 3487 ὑπ’
189 3433 284 3496 αὐτοῖς
302 3434 348 3487 Ba
370 3431 488 3495 ὑπάτοις
504 3431 531 3486 R
