2424 3848
540 175 706 230 ,Θ-

117 339 368 425 ἀπεκομίζοντο,
394 342 609 415 τελευτῶντες
632 335 679 422 δ’,
706 331 755 404 ών
778 337 946 424 ἐλάχιστος
968 332 1011 423 ἡν
1034 338 1053 405 ὁ
1078 343 1134 406 λό-

116 470 186 531 γος,
202 449 251 524 είς
263 448 300 512 τὸ
315 455 375 512 τοῦ
389 441 634 532 παραρρέοντος
646 453 796 529 ποταμοῦ
812 445 951 532 ῥείθρου
966 443 1132 511 ὠθοῦντο.

117 564 184 619 τῶν
217 549 250 617 δ’
284 550 321 618 ἐκ
352 561 412 618 τοῦ
443 555 662 636 βουλευτικοῦ
694 552 875 637 συνεδρίου
906 553 943 617 τὸ
975 548 1135 636 τέταρτον

118 656 217 745 μέρος
243 660 467 741 συνελογίσθη
496 653 762 743 διεφθαρμένον,
790 656 826 722 ἐν
854 648 905 734 οἷς
926 651 1012 741 ἡσαν
1035 657 1072 722 οί
1091 653 1128 721 θ’
1136 679 1190 729 193τ

90 764 236 831 εῦπατοι
277 764 457 850 ἀμφότεροι
498 761 553 829 καὶ
593 773 662 833 τῶν
702 763 880 850 δημάρχων
917 765 952 829 οί
985 765 1132 842 πλείους.

80 879 103 944 3
116 869 237 957 ἡρξατο
255 865 317 953 μέν
336 865 398 936 οὖν
415 869 436 953 ἡ
456 872 555 946 νόσος
568 866 645 956 περὶ
657 869 715 947 τὰς
728 870 896 947 καλάνδας
908 879 968 936 τοῦ
983 875 1134 954 Σεπτεμ-

116 979 214 1064 βρίου
241 979 361 1061 μηνός,
389 973 533 1061 διέμεινε
562 972 599 1041 δέ
623 978 683 1042 τὸν
706 973 861 1042 ἐνιαυτὸν
884 974 1015 1042 ἐκείνου
1039 977 1134 1062 ὅλον,

116 1085 247 1149 ἀπασαν
270 1084 392 1167 ὁμοίως
414 1082 713 1167 καταλαμβάνουσα
734 1079 789 1147 καὶ
813 1081 1049 1168 διεργαζομένη
1068 1084 1134 1168 φύ-

117 1207 171 1255 σιν
199 1213 234 1255 τε
262 1187 317 1254 καὶ
343 1189 486 1273 ἡλικίαν.
531 1185 711 1274 γενομένης
738 1184 776 1254 δὲ
798 1199 867 1266 τοῖς
888 1190 1134 1276 πλησιοχώροις

76 1319 103 1358 ιο
116 1297 269 1379 γνώσεως
298 1306 365 1361 τῶν
394 1298 599 1381 κατεχόντων
628 1296 690 1379 τὴν
714 1292 842 1378 Ῥώμην
871 1305 998 1380 κακῶν,
1027 1299 1133 1363 καλὸν

115 1401 320 1487 ἡγησάμενοι
342 1404 461 1488 καιρὸν
485 1397 614 1486 <είναι>
633 1403 779 1468 Αίκανοί
793 1424 827 1466 τε
845 1399 900 1466 καὶ
921 1402 1133 1470 Οὐολοῦσκοι

115 1513 295 1573 καταλῦσαι
323 1510 385 1593 τὴν
407 1507 513 1595 ἀρχὴν
537 1507 653 1593 αὐτῆς,
681 1510 852 1591 συνθὴκας
873 1531 907 1573 τε
930 1506 986 1574 καὶ
1009 1509 1133 1596 ὅρκους

72 1695 75 1703 ¹
115 1613 313 1698 ἐποιήσαντο
336 1617 419 1700 πρὸς
441 1615 606 1698 ἀλλήλους
627 1611 704 1700 περὶ
727 1617 924 1700 συμμαχίας·
948 1612 1005 1680 καὶ
1025 1636 1131 1700 παρα-

116 1719 354 1802 σκευασάμενοι
387 1722 426 1787 τά
453 1722 502 1799 είς
528 1723 724 1808 πολιορκίαν
752 1719 934 1806 ἐπιτήδεια,
966 1722 1011 1798 ώς
1039 1718 1131 1808 είχον

75 1810 296 1923 ἑάμφότεροι
323 1825 457 1911 τάχους,
486 1826 604 1911 ἐξῆγον
630 1829 688 1905 τάς
715 1828 880 1912 δυνάμεις.
926 1829 984 1893 ἵνα
1007 1824 1046 1893 δέ
1067 1831 1131 1913 τὴν

115 1929 178 1996 ἀπὸ
206 1942 273 1997 τῶν
301 1933 483 2019 συμμάχων
510 1930 687 2019 ἀφέλοιντο
712 1943 771 2018 τῆς
788 1931 912 2018 Ῥώμης
934 1932 1131 2018 ἐπικουρίαν

114 2039 161 2115 είς
178 2038 239 2121 τὴν
253 2042 409 2105 Λατίνων
427 2063 462 2105 τε
482 2037 538 2105 καὶ
550 2037 711 2126 Ἑρνίκων
730 2049 793 2125 γῆν
812 2051 945 2126 πρῶτον
960 2037 1129 2124 ἐνέβαλον.

95 2195 98 2198 «
114 2140 317 2228 ἀφικομένης
341 2140 378 2209 δέ
400 2149 575 2230 πρεσβείας
597 2144 650 2212 ἐπί
670 2147 731 2230 τὴν
749 2148 877 2231 βουλὴν
896 2144 953 2232 ἀφ’
972 2144 1130 2234 ἑκατέρου

113 2260 180 2315 τῶν
207 2248 465 2335 πολεμουμένων
493 2255 605 2318 ἐθνῶν
633 2249 686 2318 ἐπὶ
714 2256 899 2338 συμμαχίας
921 2253 1130 2339 παράκλησιν

72 2356 133 2424 ιοὸ
161 2353 221 2441 μὲν
249 2356 358 2443 ἕτερος
380 2368 447 2423 τῶν
470 2357 605 2424 ὑπάτων
627 2360 771 2436 Λεύκιος
793 2361 973 2444 Αἰβούτιος
996 2358 1130 2446 ἐκείνην

113 2464 206 2548 ἔτυχε
234 2464 295 2546 τὴν
322 2460 449 2549 ἡμέραν
475 2465 659 2549 τεθνηκώς,
688 2468 836 2543 Πόπλιος
865 2462 902 2532 δέ
931 2470 1131 2549 Σερουίλιος

114 2567 212 2653 ἐγγὺς
239 2570 287 2635 ών
315 2579 375 2636 τοῦ
402 2571 565 2636 θανάτου·
600 2571 636 2649 ὃς
661 2574 708 2637 ἐτι
732 2572 848 2656 ὀλίγον
871 2571 1023 2657 ἐμπνέων
1047 2590 1190 2642 συν-λοσε

77 2675 222 2751 5εκάλει
245 2677 306 2760 τὴν
329 2678 464 2760 βουλήν.
510 2687 579 2742 τῶν
602 2675 633 2742 δ’
659 2679 695 2744 οί
714 2681 849 2756 πλείους
870 2679 1053 2762 ἡμιθνῆτες
1077 2680 1131 2746 ἐπί

113 2782 287 2848 κλινιδίων
305 2781 520 2866 κομισθέντες
538 2781 592 2849 καὶ
611 2786 892 2869 συνεδρεύσαντες
908 2783 1132 2871 ἀπεκρίναντο

72 2913 99 2955 εσ
112 2897 183 2965 τοῦς
209 2896 375 2973 παροῦσιν
403 2885 576 2973 ἀγγέλλειν
603 2900 673 2968 τοῦς
700 2888 888 2977 σφετέροις,
918 2892 968 2957 ὅτι
991 2892 1048 2957 διδ
1072 2901 1133 2978 τῆς

112 2991 239 3060 ἑαυτῶν
276 2992 392 3080 ἀρετῆς
428 2997 506 3073 τοὺς
537 2999 716 3081 πολεμίους
748 2995 936 3081 ἀμύνεσθαι
967 2997 987 3082 ἡ
1021 3002 1132 3084 βουλὴ

112 3100 225 3177 αὐτοῖς
257 3099 437 3187 ἐπιτρέπει,
469 3098 583 3187 μέχρις
610 3101 652 3168 ἀν
680 3104 698 3169 ὁ
725 3103 849 3180 ὕπατος
878 3104 993 3191 ραίση,
1013 3103 1082 3170 ,καὶ
1111 3107 1131 3190 ἡ

184 3299 197 3346 1
218 3312 247 3347 τε
267 3292 289 3347 Ο
309 3292 340 3348 δὲ
360 3293 484 3363 Sylburg
507 3297 511 3364 Ι
538 3293 626 3349 adel.
647 3295 736 3350 Cobet
755 3295 820 3351 obs.
840 3313 866 3365 p.
888 3302 940 3351 185
1020 3304 1133 3369 ῦπαρ-

111 3360 306 3486 ἓαρ>ρεόντος
324 3365 346 3418 Β
463 3372 494 3420 11
521 3363 594 3454 εἶναι
614 3365 680 3420 add.
699 3366 843 3436 Kiessling
866 3364 942 3437 ἔχειν
961 3366 1083 3424 Αίκανολ
1108 3388 1132 3428 ο.

136 3433 202 3488 obet
221 3434 287 3495 obs.
305 3453 333 3504 p.
354 3441 404 3490 185
477 3442 512 3491 27
531 3456 611 3506 μεχρι
631 3438 675 3492 Ba
