2424 3848
501 191 669 240 „H-

79 355 119 435 με
145 358 192 438 τῷ
220 351 314 440 δήμῳ
343 350 513 435 κατάγετε,
544 351 627 436 τύχα
658 347 720 435 μὲν
746 350 803 417 καὶ
833 350 1092 436 βεβουλευμένοι

30 467 177 528 ’θτοῦτο
194 457 361 542 πρύττειν·
385 453 491 523 οὐθὲν
509 458 572 543 γὰρ
592 460 640 523 ἔτι
658 481 715 542 μοι
733 460 877 544 χρηστὸν
894 455 977 544 ὑπὲρ
996 459 1092 543 ὑμῶν

78 562 248 649 ἐπέρχεται
270 575 424 649 φρονεῖν·
454 566 485 628 εί
507 560 544 629 δὲ
567 565 731 648 βούλεσθε
754 601 798 612 —-
819 568 937 650 τίθημι
960 566 1023 651 μάρ
1047 561 1127 625 -2

78 667 180 737 οὐδὲν
198 665 247 735 ὧν
263 674 418 754 πείσομαι
439 667 681 756 προορώμενοι,
703 675 738 737 τί
758 666 821 737 οὖν
844 674 934 737 ἔσται
954 695 1011 756 μοι
1034 681 1093 755 τῆς

77 775 236 862 ὑμετέρας
258 775 395 860 ἀγνοίας
411 777 432 861 ἢ
451 781 577 862 μωρίας
595 778 726 861 ὄφελος,
748 779 891 843 κωλύειν
909 774 970 862 μὲν
989 774 1091 844 οὐδέν
1118 794 1132 836 ⁵

78 880 150 948 οὐδ’
187 882 230 948 ἀν
262 874 328 949 οἷοι
358 879 415 966 ἦτε
452 881 706 967 δυνησομένων,
742 887 934 969 χαρίζεσθαι
966 881 1004 950 δέ
1035 882 1091 950 καί

76 999 175 1068 τοῦτο
198 997 243 1077 τῷ
267 989 360 1078 δήμω
384 991 447 1054 σὺν
469 1000 539 1066 τοῖς
561 991 675 1066 ἀλλοις
695 988 983 1073 ἀναγκαζομένους
1008 990 1092 1057 ἀλλά

76 1097 140 1180 ηδιρ
164 1095 215 1160 ὅτι
237 1091 299 1178 μὲν
322 1095 363 1161 οὐ
386 1099 533 1161 συνοίσει
556 1119 613 1178 μοι
635 1097 719 1180 πρὸς
740 1095 924 1181 ἀσφάλειαν
945 1097 1022 1180 ἥδε,
1048 1097 1092 1180 ἣν

76 1202 171 1286 ὑμεῖς
194 1198 255 1285 μέν
277 1201 427 1267 κάθοδον
452 1207 595 1285 καλεῖτε,
623 1200 687 1284 ἐγὼ
716 1198 754 1267 δὲ
775 1213 908 1287 ταχεῖαν
932 1203 1014 1269 ὁδὸν
1037 1200 1091 1268 έπλ

76 1311 136 1375 τὸν
164 1309 324 1393 ὄλεθρον,
352 1307 393 1372 ού
419 1312 554 1373 πολλῶν
582 1313 695 1392 οίομαι
722 1309 794 1373 δεῖν
817 1310 865 1373 ἔτι
888 1309 1010 1391 λόγων·
1039 1307 1091 1374 ὅτι
1106 1325 1132 1366 1⁰

77 1411 108 1480 δ’
142 1410 222 1480 οὐδὲ
253 1416 337 1499 πρὸς
372 1412 526 1491 εὐδοξίαν
557 1413 578 1498 ἢ
609 1414 709 1498 τιμὴν
740 1413 761 1498 ἢ
792 1415 876 1499 πρὸς
906 1412 1091 1498 εὐσέβειαν,

77 1519 190 1605 ἐπειδὴ
213 1517 269 1585 καί
292 1523 335 1585 σὺ
356 1521 495 1603 τούτων,
519 1515 545 1585 ὦ
567 1521 734 1605 Μηνύκιε,
755 1523 919 1606 πρόνοιαν
939 1523 1028 1605 ἔχειν
1050 1544 1090 1604 με

76 1625 206 1711 ἠξίους,
232 1621 271 1692 εὖ
298 1637 420 1709 ποιῶν,
447 1623 520 1692 ἀλλ’
547 1627 698 1711 αίσχιστύ
725 1650 782 1710 μοι
806 1624 862 1692 καί
885 1626 1091 1692 ἀνοσιώτατα

76 1735 303 1820 πραχθήσεται
319 1730 492 1798 πεισθέντι
509 1732 601 1818 ὑμῖν,
619 1735 765 1799 ἄκουσον
783 1732 821 1798 έν
833 1741 878 1821 τῷ
893 1732 994 1818 μέρει.
1025 1731 1089 1816 ἐγὼ
1104 1736 1125 1800 3

76 1838 232 1923 πολέμιος
259 1838 422 1924 ἐγενόμην
452 1840 584 1916 τούτοις
612 1839 864 1920 [Οὐολούσκοις]
897 1838 953 1905 καὶ
983 1840 1091 1905 πολλοὶ
1105 1856 1132 1898 ιο

77 1945 219 2030 ἠδίκησα
246 1945 368 2022 αὐτοὺς
395 1945 432 2010 έν
459 1954 504 2034 τῷ
533 1944 682 2034 πολέμῳ,
711 1955 750 2031 τη
776 1947 912 2031 πατρίδι
937 1945 1091 2030 πράττων

77 2053 258 2137 ἡγεμονίαν
284 2050 340 2117 καὶ
367 2055 464 2138 ίσχὺν
493 2050 548 2118 καί
570 2051 673 2129 κλέος.
719 2052 843 2118 οὐκοῦν
864 2049 1014 2138 προσῆκέ
1034 2075 1091 2134 μοι

31 2165 237 2243 σιιτιμῖισθαι
263 2155 325 2242 μὲν
352 2159 416 2224 ὑπὸ
443 2169 511 2224 τῶν
538 2153 576 2224 εὖ
598 2161 847 2243 πεπονθότων,’
861 2163 1032 2243 μισεῖσθαι
1055 2152 1086 2222 δ’

76 2264 142 2330 ὑπὸ
166 2274 234 2329 τῶν
256 2262 479 2348 ηδικημένωνς
503 2266 535 2329 εί
555 2275 640 2348 γοῦν
658 2288 690 2329 τι
707 2275 775 2330 τῶν
793 2267 932 2331 εἰκότων
950 2262 1090 2348 ἐγένετο.

76 2369 236 2456 ἀνέτρεψε
255 2368 287 2435 δ’
308 2370 477 2456 ἀμφότερα
499 2367 598 2436 ταῦθ’
624 2371 645 2455 ἡ
668 2372 762 2457 τύχη,
784 2369 840 2437 καί
862 2373 909 2448 είς
931 2371 1090 2437 τάναντία
1104 2388 1132 2429 2⁰
1155 2356 1160 2361 ¹

75 2475 237 2563 μετέθηκε
260 2478 317 2555 τὰς
339 2476 496 2557 ἀξιώσεις.
542 2477 636 2562 ὑμεῖς
657 2474 719 2561 μὲν
740 2478 816 2563 μύρ,
838 2473 922 2563 ὑπὲρ
946 2472 993 2543 ὧν
1016 2479 1091 2543 τού·

75 2607 147 2662 τοις
165 2582 285 2669 έχθρδς
303 2579 356 2669 ἦν,
374 2581 555 2669 ἀφείλεσθέ
570 2608 610 2667 με
628 2584 735 2648 πάντα
753 2581 838 2666 τάμά
856 2580 911 2648 καί
929 2584 967 2648 τὸ
986 2580 1091 2668 μηδὲν

74 2691 272 2775 ποιήσαντες
299 2688 467 2776 ἐρρίψατε·
495 2685 588 2756 οὗτοι
616 2687 647 2755 δ’
673 2689 709 2754 οί
732 2683 779 2753 τά
800 2688 905 2756 δεινά
920 2687 976 2754 ὑπ’
1009 2688 1090 2774 ἐμοῦ

93 2906 97 2915 ’
149 2881 251 2938 δούδδ
253 2901 270 2936 ν
289 2897 343 2937 om.
361 2881 384 2934 Β
439 2879 567 2936 6ούδ’
551 2901 588 2936 αν
607 2881 748 2972 βούλησθε
768 2881 801 2935 ού
816 2877 970 2950 δυνάμενοι
984 2882 1009 2935 Α
1023 2879 1087 2936 οὐδ’

75 2951 242 3089 <agag
176 2950 232 3007 οἷοι
249 2971 278 3008 τε
298 2949 438 3023 δυνησομέ
439 2952 533 3007 νωνΒ
552 2947 644 3007 οἷοι
626 2972 675 3022 ητε
690 2951 753 3006 Sint
740 2950 814 3006 tonis
829 2950 890 3006 Em.
903 2951 986 3007 Dion
1000 2951 1040 3005 111
1054 2958 1089 3007 2⁶

157 3022 338 3148 Ιἐθιζόμενοι
355 3024 381 3076 Α
452 3023 546 3094 8μὲν
565 2973 671 3078 ωδάηΒ
749 3019 817 3077 11“
801 3042 819 3090 η
837 3020 921 3092 τιμὴν
939 3022 1091 3078 delendum

75 3111 140 3150 εεεε
157 3043 346 3164 'esshngius
365 3096 462 3149 censet
534 3101 567 3149 14
584 3113 606 3148 π
627 3092 814 3168 ει>σθέντιΒ
888 3098 921 3148 15
939 3101 997 3156 τοῖς
1017 3094 1092 3149 Οίο-

76 3165 207 3228 λούσιιοις
225 3166 251 3218 Α
272 3166 381 3227 τούτοις
401 3167 452 3220 Ού.
470 3165 493 3218 Β
521 3166 707 3229 Ούολονσκοις
725 3165 780 3221 del.
798 3163 942 3235 Kiessling
967 3165 1091 3220 τουτοισὶ

76 3235 168 3292 Cobet
183 3235 283 3307 θύας)
285 3243 358 3293 ,160
438 3243 470 3292 17
490 3238 541 3291 οὐκ
559 3233 610 3292 οὖν
628 3237 655 3292 Α
733 3244 766 3292 19
785 3232 976 3326 έη<ι>νετοΒ

76 3303 257 3450 ιιὲλῗῖλλὶ
273 3309 312 3434 §W
321 3306 385 3437 ἀλλ
395 3308 631 3450 &2321ssssss
644 3309 675 3433 ί
698 3257 861 3449 mg?
864 3325 895 3434 εί
913 3308 1008 3439 δλάἲ
1023 3242 1092 3436 ἀλλο.

75 3468 105 3522 p
124 3457 177 3507 160
250 3456 283 3505 21
303 3450 412 3513 τούτοις
430 3450 537 3507 adm
609 3456 643 3506 23
663 3400 854 3505 δεινόταταρο.
872 3448 976 3507 Reiske
