2424 3848
96 190 138 253 12
521 194 681 243 -Ζ-

95 363 165 428 τοίς
198 351 338 435 ἱματίοις
370 349 447 436 ξίφη
475 353 557 417 κατὰ
582 357 712 435 πλῆθος
738 353 970 438 εἰσδραμόντες
997 353 1044 427 εἰς
1070 353 1107 416 τὸ

96 458 335 543 βουλευτήριον
355 456 623 542 ἀποσφάττουσιν
646 458 793 548 ἅπαντας
815 460 893 534 τοὺς
915 456 1108 542 ιἰριστοκρα-

59 563 215 640 4τικούς.
261 565 351 648 φυγὴ
375 557 406 627 δ’
432 561 604 646 ἐ<γένετο>
626 564 707 646 μετά
728 572 826 629 τοῦτο
849 564 916 628 τῶν
939 560 1009 628 κατ’
1033 562 1109 645 άγο-

97 671 161 755 ράν
183 667 238 734 καί
262 671 399 755 δρόμος,
427 680 493 733 τῶν
517 665 577 751 μὲν
601 666 653 732 ἐπὶ
675 670 733 746 τάς
756 672 874 750 οἰκίας,
898 681 966 735 τῶν
990 666 1020 733 δ’
1048 669 1108 746 ἔξω

71 784 156 859 στῆς
177 778 314 859 πόλεως,
336 776 424 859 πλην
441 786 508 840 τῶν
526 776 729 840 συνειδότων
747 777 808 859 τὴν
828 774 991 840 ἐπίθεσιν·
1017 770 1110 839 οὗτοι

99 877 136 945 δὲ
158 882 220 965 την
242 882 347 966 άκραν
368 880 423 946 καὶ
441 882 481 947 τά
499 883 620 967 νεώρια
638 878 788 958 καὶτοὺς
806 880 970 965 ἐρυμνοὺς
988 884 1110 956 τόπους

98 996 156 1070 τῆς
177 990 304 1064 πόλεως
325 988 582 1072 κατελάμβανον.
618 995 657 1072 τῇ
681 985 711 1051 δ’
734 987 871 1073 ἐπιούσῃ
894 986 989 1052 νυκτὶ
1009 988 1110 1062 λύσας

99 1090 135 1156 ἐκ
157 1103 224 1157 τῶν
248 1095 482 1178 δεσμωτηρίων
504 1095 582 1168 τοὺς
600 1090 834 1169 ἐπιθανατίους
850 1095 994 1167 πολλοὺς
1013 1094 1110 1167 ὄντας

98 1197 154 1264 καὶ
181 1203 386 1276 καθοπλίσας
413 1200 480 1282 άμα
507 1208 575 1274 τοῖς
602 1199 714 1274 άλλοις
740 1201 866 1281 φίλοις,
894 1197 930 1262 ἐν
954 1189 1003 1273 οἷς
1025 1193 1111 1281 ἦσαν

61 1324 87 1364 ιο
100 1303 156 1370 καί
180 1306 215 1370 οἰ
234 1316 301 1370 τῶν
324 1308 507 1391 Τυρρηνῶν
526 1303 736 1388 αἰχμάλωτοι,
758 1306 911 1388 φυλακην
930 1302 965 1368 ἐκ
983 1305 1111 1368 τούτων

65 1413 297 1478 ὅκαθίσταται
321 1409 397 1496 περὶ
419 1413 456 1477 τὸ
481 1421 582 1494 σῶμα.
627 1409 749 1497 ἡμέρας
773 1407 810 1475 δέ
832 1408 1011 1494 γενομένης
1034 1426 1112 1492 συν-

100 1516 239 1594 καλέσας
266 1519 325 1582 τὸν
353 1518 460 1600 δῆμον
483 1518 529 1592 εἰς
553 1514 728 1598 ἐκκλησίαν
750 1514 805 1580 καί
827 1517 954 1600 πολλὴν
976 1541 1113 1600 κατηγο-

101 1625 177 1707 ρίαν
201 1620 399 1705 διαθέμενος
419 1631 485 1685 τῶν
504 1620 741 1705 φονευθέντων
759 1620 815 1686 ὑπ’
837 1622 941 1688 αὐτοῦ
959 1629 1113 1706 πολιτῶν,

102 1727 248 1803 ἐκείνους
270 1723 331 1811 μὲν
350 1728 413 1812 ἔφη
431 1733 675 1811 τετιμωρῆσθαι
694 1730 757 1792 σὺν
776 1729 850 1813 δίκη
869 1730 1027 1806 πολλάκις
1045 1729 1179 1794 ἐπι-1328

63 1851 88 1893 ιι
102 1830 300 1917 βουλευθείς
326 1828 382 1896 ὑπ’
410 1831 536 1916 αὐτῶν,
563 1843 632 1908 τοίς
661 1830 691 1896 δ’
717 1834 829 1910 άλλοις
851 1839 1001 1912 πολίταις
1024 1835 1114 1901 ἐλευ-

46 2015 49 2019 ,
102 1943 223 2025 θερίαν
246 1937 358 2024 φέρων
380 1948 534 2023 παρεῖναι
556 1936 612 2002 καὶ
635 1939 808 2024 ἰσηγορίαν
831 1938 885 2004 καί
906 1942 990 2005 άλλα
1008 1944 1114 2007 πολλά

102 2044 223 2129 ἀγαθά.

169 2150 260 2215 VIII.
301 2146 399 2215 Ταῦτ’
430 2149 532 2213 εἰπὼν
564 2147 620 2213 καί
651 2157 855 2234 θαυμαστῶν
885 2153 1030 2229 ἅπαντας
1059 2152 1114 2238 ἐμ-

103 2260 231 2339 πλήσας
255 2254 399 2320 ἐλπίδων
421 2258 500 2331 τοὺς
523 2256 720 2338 δημοτικοὺς
742 2258 804 2322 δύο
827 2258 867 2322 τά
890 2258 1026 2323 κάκιστα
1048 2271 1115 2324 τῶν

63 2382 89 2422 ιο
104 2363 141 2429 ἐν
173 2361 365 2446 ἀνθρώποις
400 2363 595 2425 καθίσταται
626 2362 889 2446 πολιτευμάτων,
926 2356 975 2441 οἷς
1006 2366 1116 2430 άπασα

104 2478 220 2556 χρῆται
242 2470 430 2554 προοιμίοις
451 2471 619 2553 τυραννίς,
641 2477 702 2551 γῆς
724 2468 916 2554 άναδασμὸν
936 2469 991 2535 καί
1008 2482 1117 2557 χρεῶν

104 2577 237 2660 άφεσιυ·
271 2574 399 2639 τούτων
427 2569 464 2637 δέ
491 2574 552 2657 την
580 2572 767 2657 ἐπιμέλειαν
795 2574 892 2652 αὐτὸς
919 2575 1117 2660 ἀμφοτέρων

105 2681 310 2768 ὑπισχνεῖται
340 2682 540 2763 ποιήσεσθαι
572 2683 751 2766 στρατηγὸς
782 2680 993 2767 ἀποδειχθεὶς
1020 2682 1118 2748 αύτο-

105 2789 251 2875 κράτωρ,
279 2785 339 2862 ἕως
367 2784 575 2870 ἐν’άσφαλεί
598 2788 639 2851 τά
661 2788 758 2853 κοινά
781 2786 915 2871 γένηται
937 2786 993 2852 καί
1016 2790 1118 2872 δημο-

177 3021 193 3067 3
218 3014 292 3084 φυγὴ
313 3013 344 3068 δὲ
363 3012 433 3082 μετὰ
453 3012 475 3067 Ο
499 3033 529 3081 φ.
550 3010 577 3067 δ’
595 3009 705 3083 ἐγένετο
724 3012 793 3082 μετὰ
817 3013 917 3082 scripsi
936 3014 1005 3068 dune
1026 3013 1118 3069 Sinte-

105 3084 179 3138 nisio
193 3085 253 3139 Em.
268 3085 350 3139 Dion.
365 3085 406 3138 III
421 3089 445 3149 5,
465 3082 568 3155 δρόμος
587 3080 692 3153 ἐγένετο
712 3084 882 3153 Grasberger
895 3084 995 3139 Philol.
1011 3091 1054 3153 28,
1065 3092 1118 3139 549

107 3162 123 3210 8
143 3150 346 3218 ἐπιθανατίους
363 3154 441 3208 ABG
498 3161 531 3209 13
549 3151 602 3224 ὑφ’
622 3156 669 3208 Ba,
689 3156 693 3228 Ι
714 3157 800 3210 αἰτοῦ
819 3155 865 3209 Ba
884 3155 947 3223 (sic)
964 3157 1052 3210 αὑτοῦ
1070 3156 1117 3210 Bb

108 3231 142 3279 14
160 3228 408 3297 τετιμωρ<η>σθαι
427 3225 473 3279 Bb
530 3232 562 3280 18
581 3225 709 3288 ἅπαντας
726 3228 792 3295 post
811 3227 977 3296 δημοτικούς
996 3225 1018 3280 Ο
1038 3244 1118 3296 prae-

106 3299 151 3350 ter
164 3295 187 3347 B
242 3301 275 3348 19
294 3296 413 3351 κάκιστα
426 3295 449 3348 Β
468 3296 599 3351 κάλλιστα
611 3297 637 3349 R
652 3300 657 3362 Ι
672 3295 803 3351 κάλλιστα
817 3300 987 3352 καθίσταται
1002 3296 1024 3351 Ο
1039 3315 1118 3366 prae-

106 3365 190 3421 terB
246 3372 279 3421 20
302 3366 490 3436 πολιτεύματα
513 3385 534 3423 ο.
556 3366 645 3422 Cobet
663 3367 728 3423 Obs.
747 3387 774 3437 p.
796 3374 847 3423 136
872 3374 876 3436 Ι
901 3377 978 3422 πᾶσα
1002 3366 1024 3421 Ο
1048 3385 1118 3424 corr.

94 3436 249 3502 AEbesffng
291 3443 328 3490 23
347 3438 508 3507 ύπιοχνῖτοιι
521 3438 583 3510 (sie)
597 3438 620 3490 B
639 3439 801 3508 ύπεσχνεῖτο
816 3440 841 3492 R
858 3445 863 3509 Ι
883 3437 1059 3506 ποιήσασθαι
1072 3439 1120 3492 Ba

89 3582 210 3624 A
