2424 3848
561 189 723 236 -z-
834 279 836 283 ι
1103 187 1147 251 ω

130 336 197 435 γάρ
220 347 263 414 ἀν
282 349 330 412 ἐτι
348 343 535 432 γενοίμεθ’,
558 349 634 431 ἔφη,
655 348 766 433 κύριοι
784 357 851 414 τῦν
869 348 991 433 ἀλλων,
1014 349 1046 414 εί
1064 345 1148 434 μηδὲ

130 464 194 521 τοῦ
217 451 328 538 λέγειν
347 452 506 538 ἐσόμεθας
529 463 599 530 πῶς
617 449 647 518 δ’
671 455 713 518 ἀν
730 477 798 519 τινι
820 453 916 538 ὑμῶν
938 453 1147 545 ἀδικουμένῳ

129 561 216 647 πρὸς
239 560 350 625 αὐτῶν
372 564 514 645 βοηθεῖν
537 561 741 645 δυναίμεθα,
770 563 803 625 εί
827 562 888 644 την
912 560 1065 639 ἐξουσίαν
1087 572 1148 628 τοῦ

131 668 295 751 συνάγειν
325 666 411 751 ὑμᾶς
447 664 721 753 ἀφαιρεθείημευς
760 669 899 754 ἀρχουσι
937 669 1001 754 γάρ
1039 671 1148 752 δη’πον

129 776 257 850 παντὸς
279 774 381 859 ἐργου
405 777 511 858 λύγοι,
532 772 588 839 καί
611 774 673 840 οὐκ
695 776 832 860 ἀδηλον,
856 776 907 840 ὅτι
929 767 980 852 οίς
1002 775 1147 842 είπεϊνά
1174 795 1189 836 ι

130 891 321 969 φρονοῦσιν
343 879 405 946 οὐκ
428 880 572 965 ἔξεστιν,
594 877 674 947 οὐδὲ
696 880 817 968 πρᾶξαι
839 881 882 947 ἀν
904 881 1002 967 ἐξείη,
1024 883 1045 948 ἀ
1068 883 1148 967 βού-

128 994 257 1054 λονται.
292 985 312 1070 ἢ
335 983 504 1071 κομίζεσθ’
527 982 601 1071 οῦν,
624 990 698 1073 ἔφη,
717 988 779 1071 τὴν
796 987 962 1074 ἐξουσίαν,
983 988 1027 1073 ἣν
1046 991 1148 1056 δεδώ-

129 1116 209 1158 κατε
232 1092 330 1178 ἡμῖν,
357 1094 390 1158 εί
410 1094 454 1177 μὴ
478 1091 610 1178 μέλλετε
634 1098 793 1179 βεβαιοῦν
815 1095 898 1181 αὐτῇ
920 1094 1097 1181 τάσφαλές,
1126 1095 1147 1181 ἢ

129 1202 225 1288 νύμςο
245 1196 405 1286 γραφέντι
422 1201 591 1266 κωλύσατε
610 1204 688 1278 τοὺς
706 1199 860 1286 ἐμποδὼν
878 1201 958 1286 ἡμῖν
977 1205 1014 1268 τὸ
1028 1205 1147 1269 λοιπὸν

130 1303 321 1390 ἐσομένους.
362 1315 500 1373 τοιαῦτα
528 1309 730 1394 διαλεχθείς,
762 1307 1031 1385 ἐπικελεύσαντος
1058 1290 1189 1405 αὐτῷῇ

130 1420 192 1478 τοῦ
207 1413 317 1497 δημου
332 1413 457 1498 μεγάλη
470 1416 533 1497 βοῇ
552 1415 611 1479 τὸν
629 1416 734 1497 νόμον
749 1412 927 1500 εἰσφέρειν,
945 1417 1031 1500 ἔχων
1045 1415 1149 1481 αὐτὸν

130 1520 196 1602 ἥδη
225 1517 455 1603 γεγραμμένον
487 1518 688 1603 ἀνεγίνωσκε
719 1519 776 1586 καὶ
807 1530 920 1607 ψῆφον
953 1522 1071 1587 δίδωσι
1102 1531 1148 1610 τῷ

60 1627 257 1709 ιεσεπλήθει
270 1623 346 1713 περὶ
360 1625 464 1691 αύτοῦ
477 1635 674 1712 παραχρῆμα
688 1626 884 1711 ἐπενεγκεῖν.
906 1628 947 1694 οὐ
962 1628 1025 1714 γάρ
1040 1627 1149 1695 ἐδόκει

128 1733 168 1798 τὸ
191 1739 328 1818 πρᾶγμα
356 1733 490 1797 δεῖσθαι
518 1731 683 1818 ἀναβολῆς
710 1729 789 1798 οὐδὲ
812 1738 1017 1818 μελλησμοῦ,
1044 1737 1088 1820 μη
1115 1759 1147 1801 τι

130 1839 214 1904 ἀλλο
233 1838 371 1921 κώλυμα
390 1835 525 1922 γένηται
543 1840 625 1924 πρὸς
642 1849 709 1904 τῶν
726 1839 872 1904 ὑπάτων.
902 1835 946 1924 ἦν
965 1837 1002 1906 δέ
1015 1822 1187 1936 τοιόσδεξ)δ

131 1945 150 2012 δ
174 1947 292 2029 νόμος·
315 1943 499 2031 Λημάρχου
522 1945 659 2030 γνώμην
678 1944 897 2031 ἀγορεύοντος
915 1944 952 2012 ἐν
970 1949 1063 2036 δημφ
1087 1972 1146 2033 μη·

131 2049 202 2128 δελς
238 2048 359 2134 λεγέτω
391 2046 496 2135 μηδὲν
529 2050 683 2117 ἐναντίον
715 2050 798 2138 μηδὲ
835 2056 1056 2137 μεσολαβείτω
1087 2056 1166 2119 τὸν·

129 2161 244 2240 λόγου.
286 2157 345 2222 ἐάν
373 2154 414 2222 δέ
437 2180 486 2235 τις
513 2159 601 2246 παρά
628 2168 731 2225 ταῦτα
757 2162 896 2246 ποιηση,
930 2161 1051 2225 διδότω
1074 2170 1148 2242 ,τοῖς

130 2263 315 2350 δημάρχοις
343 2261 679 2349 ἐγγυητάς-αἰτηθεὶς
709 2267 764 2343 είςΙ
788 2268 912 2331 ἔκτισιν
939 2261 978 2350 ἧς
1008 2265 1051 2332 ἀν
1078 2265 1147 2331 ἐπι-

129 2377 242 2436 θῶσιν
260 2369 349 2457 αὐτῷ
375 2372 494 2454 ζημίας.
532 2371 550 2437 δ
570 2368 607 2436 δὲ
625 2372 669 2455 μὴ
690 2373 806 2449 διδοὺς
829 2372 992 2457 ἐγγυητὴν
1009 2372 1147 2462 θανάτῳ
1161 2391 1187 2434 ω

130 2476 342 2561 ζημιούσθω,
368 2473 486 2541 καὶτὰ
508 2475 644 2562 χρήματ’
672 2478 776 2546 αὐτοῦ
800 2480 870 2564 ίερά
894 2482 985 2545 ἔστω.
1021 2490 1088 2546 τῶν
1112 2476 1141 2545 δ’

131 2583 433 2668 ἀμφισβητούντων
460 2584 543 2670 πρὸς
573 2585 693 2661 ταύτας
723 2586 781 2662 τάς
814 2588 926 2669 ζημίας
957 2587 994 2651 αί
1023 2589 1148 2672 κρίσεις

130 2691 282 2755 ἔστωσαν
310 2686 362 2754 ἐπὶ
389 2698 450 2755 τοῦ
476 2691 594 2774 δήμου.
639 2700 759 2757 τοῦτον
782 2694 841 2757 τὸν
863 2695 969 2776 νόμον
992 2691 1182 2776 ἐπιψηφίό

131 2812 251 2872 σαντες
265 2795 302 2860 οἱ
313 2796 475 2882 δήμαρχοι
490 2794 647 2863 διέλυσαν
660 2798 722 2880 την
735 2796 924 2882 ἐκκλησίαν·
942 2796 1029 2864 καὶὸ
1045 2799 1148 2881 δῆμος

130 2899 231 2989 ἀπῄει
250 2906 375 2986 πολλῆς
392 2903 537 2986 γεγονὼς
556 2905 673 2987 μεστὸς
691 2903 866 2988 εὐθυμίας,
887 2913 934 2991 τῷ
952 2901 989 2968 δέ
1007 2903 1146 2994 Βρούτφ
1160 2919 1186 2963 ιε

205 3162 434 3235 3δυνάμεθαΒ
506 3165 898 3235 λσυναγγαεῖνΑΒΟουνά
899 3167 1003 3236 γεινΙλ
1075 3166 1147 3223 Ὶάν

131 3184 336 3318 ἐξηδιΔδν
346 3231 458 3302 ἐξεν
439 3235 506 3363 S&
525 3254 558 3292 ex
577 3234 602 3302 ὃ)
621 3237 667 3290 Ba
689 3236 726 3291 ἀν
745 3232 819 3303 &gs
792 3257 888 3292 ινιαα
869 3236 954 3291 Bb
978 3237 1014 3294 δν
1033 3233 1147 3308 ἐξεί

130 3306 281 3375 Kiessling
345 3306 417 3377 8μὴ
437 3308 474 3360 ad
521 3307 675 3398 BOmgl*
684 3307 859 3377 τδάσφαλδς
831 3306 900 3363 δΟ
965 3314 1032 3364 12*
1046 3318 1147 3380 ψῆφον

131 3379 191 3433 ἀνα
191 3378 346 3432 δίδωσι-
365 3372 464 3448 ἐπενεγ
465 3377 652 3448 κῖἀενθφ
634 3398 693 3448 αμα
712 3380 851 3434 διίδωσ-
864 3375 981 3449 ἐπενεγκ
964 3387 1067 3437 κεινο.
1087 3382 1147 3437 Sin-

132 3447 210 3505 tenis
228 3448 291 3504 Em.
310 3447 392 3504 Dion.
410 3399 464 3503 my
466 3457 499 3506 14
517 3446 678 3519 ἐπενεγκεῖν
698 3449 752 3506 del.
771 3450 874 3507 Reiske
896 3453 995 3507 δίδωσι
985 3469 1066 3522 tego
