2424 3848
571 216 733 264 -Ζ-
1117 212 1157 276 71

135 376 251 440 άλλων
279 373 459 459 δημάρχων
483 372 504 438 δ
526 378 724 460 παραλιπεῖν
751 374 865 451 αὐτοῖς
894 373 1020 452 ἐκεῖνος
1047 373 1157 441 έδόκει

137 480 474 565 συναγορευσάντων,
497 478 609 565 ἐπειδὴ
634 482 766 565 γνώμας
790 483 857 546 ἔδει
875 484 953 558 τοὺς
971 481 1155 567 συνέδρους

138 586 401 672 ἀποφαίνεσθαι,
423 598 549 672 πρῶτοι
572 584 634 672 μὲν
656 589 692 653 οῖ
711 589 930 672 πρεσβύτατοι
952 600 1019 654 τῶν
1041 588 1157 654 ὑπατι-

137 705 208 759 κῶν
236 694 438 777 καλούμενοι
469 695 550 758 κατά
582 697 642 760 τὸν
669 696 811 760 εἰωθότα
843 698 969 779 κόσμον
997 694 1061 760 ὑπὸ
1090 707 1157 761 τῶν

64 800 276 866 1416ύπάτων
295 798 482 883 άνίσταντο,
505 798 610 866 ἔπειθ’
634 803 669 867 οί
684 802 811 867 τούτων
832 799 1063 888 ὑποδεέστεροι
1081 798 1151 868 κατ’
1183 825 1193 866 ι

138 908 239 991 άμφω
263 913 377 990 ταῦτα,
399 911 581 972 τελευταῖοι
601 905 630 971 δ’
655 909 689 972 οί
709 909 866 973 νεώτατοι
890 910 991 991 λόγον
1014 904 1075 991 μέν
1099 908 1156 974 ού-

136 1011 225 1078 θένα
248 1009 414 1096 λέγοντες·
438 1015 485 1079 ἔτι
503 1015 567 1098 γάρ
585 1008 628 1097 ἦν
650 1010 696 1078 δι’
719 1015 877 1100 αἰσχύνης
898 1017 971 1080 τότε
985 1011 1156 1098 Ῥωμαίοις

137 1130 255 1199 τοῦτο,
282 1115 337 1184 καὶ
359 1116 435 1194 νέος
457 1117 568 1196 οὐδεὶς
595 1118 690 1202 ἠξίου
714 1117 832 1185 ἑαυτὸν
854 1121 1046 1203 σοφώτερον
1069 1115 1156 1184 εἶναι

136 1227 341 1310 πρεσβύτου·
371 1223 553 1310 ἐπεκύρουν
576 1222 612 1290 δὲ
635 1226 693 1302 τάς
719 1222 871 1309 κειμένας
893 1225 958 1290 ὑπὸ
981 1236 1048 1290 τῶν
1071 1224 1155 1289 ὑπα-

137 1343 240 1398 τικῶν
263 1331 405 1416 γνώμας.
451 1333 552 1397 άπασι
576 1327 613 1396 δέ
635 1332 869 1418 προσετάττετο
892 1341 1049 1416 παριοῦσι
1072 1302 1193 1417 καθ-Ξ,

137 1441 222 1521 άπερ
242 1437 280 1503 ἐν
303 1439 502 1527 δικαστηρίῳ
526 1437 602 1523 μεθ’
626 1438 728 1524 ὅρκου
754 1439 816 1522 την
839 1448 954 1523 ψῆφον
978 1435 1154 1523 ἐπιφέρειν.

127 1543 272 1621 Ἄππιος
290 1540 352 1629 μέν
370 1539 433 1610 οὖν
447 1546 626 1628 Κλαύδιος,
642 1541 727 1629 ὑπὲρ
746 1540 787 1610 οὗ
805 1542 1039 1630 καὶπρότερον
1059 1547 1155 1630 ἔφην,

138 1652 190 1717 ὅτι
208 1651 472 1735 μισοδημότατος
489 1646 532 1735 ἦν
550 1663 617 1716 τῶν
635 1654 817 1733 πατρικίων
835 1652 891 1715 καλ
909 1648 1067 1717 οὐδέποτε
1083 1663 1155 1729 ταῖς

134 1760 221 1844 πρὸς
242 1759 281 1823 τὸ
305 1758 483 1840 δημοτικὸν
505 1756 660 1841 ἠρέσκετο
684 1758 887 1841 διαλλαγαῖς,
910 1757 971 1822 οὐκ
994 1764 1045 1822 εία
1064 1757 1155 1842 γενέ-

136 1871 220 1930 σθαι
242 1866 281 1929 τὸ
304 1865 538 1948 προβούλευμα
560 1865 723 1940 τοιούτοις
746 1867 858 1948 λόγοις
879 1865 1056 1949 χρώμενος.
1167 1891 1193 1932 ιε

203 1968 419 2034 XXXXVIII.
449 1968 664 2054 Ἐβουλόμην
679 1967 783 2054 <μὲν>
807 1969 849 2034 δν
876 1973 979 2054 ἔγωγε
1007 1968 1154 2045 καὶτοῖς

135 2082 232 2152 θεοῖς
258 2074 409 2160 ηὐξάμην
435 2076 593 2154 πολλάκις
624 2075 766 2160 ἐμαυτὸν
788 2072 849 2160 μέν
873 2074 1030 2160 ἁμαρτεῖν
1054 2075 1153 2159 <της>

134 2183 286 2267 γνώμης,
313 2180 356 2264 ἣν
383 2176 474 2266 εἶχον
503 2178 586 2268 ὑπὲρ
614 2192 680 2247 τών
707 2184 790 2268 πρὸς
816 2184 876 2247 τὸν
904 2182 1010 2265 δῆμον
1039 2182 1154 2246 διαλύ-

134 2306 241 2371 σεων,
271 2287 315 2364 ώς
342 2288 418 2352 ούτε
447 2289 552 2372 καλὴν
574 2287 630 2354 καὶ
658 2290 791 2354 δικαίαν
814 2289 891 2354 ούτε
915 2288 1153 2374 συμφέρουσαν

133 2396 217 2480 ἡμῖν
235 2394 471 2478 ὑπελάμβανον
490 2397 627 2460 ἔσεσθαι
649 2396 796 2479 τὴντῶν
816 2383 977 2480 φυγάδων
1000 2397 1151 2462 κάθοδον
1165 2423 1193 2464 ιο

64 2498 191 2567 1417καῖ
215 2501 271 2565 διά
293 2503 427 2584 παντός,
450 2500 563 2578 ὁσάκις
580 2499 656 2587 περὶ
676 2502 796 2567 τούτου
814 2501 983 2588 προύτέθη
1003 2512 1151 2584 σκοπεῖν,

132 2609 266 2692 πρῶτός
288 2628 323 2670 τε
345 2617 412 2671 τών
434 2607 546 2672 άλλων
568 2605 624 2672 καὶ
651 2613 813 2673 τελευτῶν
836 2610 953 2693 μόνος,
981 2607 1093 2690 ἐπειδὴ
1118 2608 1155 2672 οί

132 2710 248 2779 λοιποὶ
278 2710 484 2795 ἀπέστησαν,
513 2713 752 2798 ἠναντιούμην·
785 2712 871 2797 ὑμᾶς
900 2710 945 2796 δ’,
976 2708 1001 2776 ώ
1032 2715 1150 2796 βουλη,

133 2821 214 2895 τοὺς
233 2815 285 2883 ἐπὶ
303 2818 343 2883 τά
361 2823 496 2903 κρείττω
515 2820 577 2903 την
596 2820 712 2886 έλπίδα
731 2820 961 2904 λαμβάνοντας
974 2816 1029 2884 καὶ
1043 2819 1150 2889 πάντα

203 2974 428 3098 θπὸεσβύτατοι
448 2977 497 3030 καί
515 2970 689 3045 ἐντιμότατοι
706 2985 762 3031 τῶν
785 2994 809 3031 ο.
828 2974 960 3030 Gelenius
1051 2981 1067 3030 9
1087 2970 1149 3030 έπε·

132 3046 241 3115 κύρουν
303 3041 501 3115 ἐπικυρούντες
519 3064 542 3103 ο.
561 3047 665 3101 Reiske
720 3053 754 3101 10
772 3055 894 3117 παροῦσι
911 3046 933 3100 Ο
952 3052 1010 3109 τοῖς
1028 3055 1151 3118 παροῦσι

133 3115 240 3172 Βεὶεῖτο
262 3125 398 3186 παριοῦσι
423 3116 546 3171 Sintenis
569 3119 630 3173 Em.
653 3118 735 3173 Dion.
759 3118 798 3172 ΠΙ
814 3125 845 3173 11
937 3123 971 3173 16
989 3117 1041 3188 μὲν
1061 3118 1150 3173 Cobet

134 3187 202 3242 Obs.
221 3205 249 3256 p.
266 3192 318 3242 145
339 3198 342 3254 Ι
363 3185 400 3241 διν
419 3188 472 3243 ’δεῖ
491 3188 635 3243 Μοοῖκοοι
653 3189 753 3243 Annal.
772 3188 843 3258 phil.
859 3195 926 3244 1882
946 3206 972 3257 p.
988 3195 1040 3244 25⁷
1115 3194 1150 3244 17
1159 3247 1161 3251 ,

133 3266 184 3328 τῆς
203 3258 268 3313 add.
287 3257 432 3327 Kiessling
522 3265 555 3314 19
575 3258 623 3331 ὣς]
643 3257 673 3322 ὃς
689 3258 835 3314 Μοοῖτιιεε
852 3259 870 3312 l.
890 3259 918 3328 l.‚
938 3259 1026 3315 Cobet
1045 3262 1099 3317 del.
1120 3262 1150 3314 οῖ

132 3332 237 3400 postea
255 3347 280 3384 v.
301 3336 336 3384 20
354 3331 562 3455 &nolapssdvmv
580 3330 680 3384 scribit
751 3337 785 3386 20
804 3329 871 3400 ἡμῖν
889 3331 915 3384 A
932 3332 998 3402 ὑμῖν
1017 3333 1042 3386 R
1113 3337 1147 3384 21

133 3400 233 3526 6⁶ch
251 3399 326 3456 άνΟ
345 3404 457 3470 praeter
509 3399 725 3472 ΙπροσετὲθηΒ
775 3409 809 3457 23
828 3403 900 3472 ὑμᾶς
917 3423 947 3458 τε
965 3403 988 3458 Ο
1008 3421 1077 3458 corr.
1096 3401 1150 3456 Ga-

134 3488 186 3526 εεο
207 3489 278 3526 onus
