2424 3848
558 191 723 269 „0¹-

138 352 292 439 Τεβέριος
314 350 538 439 τετειχισμένα
560 363 723 438 ποταμοῦ,
748 351 789 420 οὑ
812 356 849 420 τδ
871 347 934 439 μέν
956 349 1056 442 εὖρός
1080 354 1152 423 έστι

133 459 299 544 τεττάρων
325 457 483 546 πλέθρων
511 460 667 544 μάλιστα,
694 459 801 544 βάθος
828 456 860 525 δ’
887 450 961 526 οἷόν
988 484 1022 526 τε
1049 461 1152 528 ναυσὶ

132 570 290 631 πλεῖσθαι
319 565 491 649 μεγάλαις,
520 567 557 631 τὸ
589 560 626 631 δέ
655 564 760 650 ῥεῦμα
788 565 898 650 ὥσπερ
925 590 957 632 τι
984 565 1039 633 καὶ
1067 569 1151 635 ἀλλο

132 670 191 750 ὀξὺ
223 668 278 736 καὶ
310 670 405 748 δίνας
436 671 657 757 ἐργαζόμενον
689 671 844 755 μεγάλας·
878 671 918 738 ὃν
951 672 1013 739 οὑκ
1041 676 1151 740 ἔνεστι

105 780 242 855 ιπεζοῖς
264 778 413 842 διελθεῖν
437 778 468 842 εί
489 778 532 861 μη
556 777 638 842 κατά
661 775 821 862 γέφυραν,
843 776 864 860 ἣ
887 771 930 861 ἦν
954 776 992 844 έν
1010 787 1057 867 τῷ
1076 783 1202 852 τότε193

132 887 243 973 χρόνφ
271 885 329 968 μία
356 882 597 969 ξυλόφρακτος,
626 883 669 967 ἣν
697 885 796 949 ἔλυον
824 881 861 948 έν
888 895 957 961 τοῖς
983 882 1152 970 πολέμοις.

98 989 170 1063 3δν
194 987 232 1055 δέ
254 992 396 1076 χωρίον,
419 988 437 1054 δ
461 997 518 1073 τῆς
540 993 666 1066 πόλεως
690 988 935 1076 ἐπιμαχώτατόν
959 988 1062 1076 έστιν,
1084 991 1151 1059 ἀπὸ

135 1107 202 1161 τῶν
225 1097 439 1161 Αἰσκυλίνων
465 1093 682 1180 καλουμένων
708 1101 824 1162 πυλῶν
852 1093 947 1183 μέχρι
969 1107 1036 1163 τῶν
1061 1102 1152 1165 Κολ-

132 1203 252 1284 λίνων,
283 1204 518 1288 χειροποιήτως
550 1200 640 1267 έστίν
673 1202 806 1289 ὀχυρόν.
859 1202 985 1289 τάφρος
1015 1226 1051 1269 τε
1084 1206 1150 1290 γάρ

92 1335 118 1374 10
132 1307 318 1395 ὀρώρυκται
340 1311 404 1394 πρὸ
429 1308 532 1374 αὑτοῦ
550 1309 672 1385 πλάτος
690 1302 711 1395 ᾖ
730 1309 917 1396 βραχυτάτη
936 1312 1056 1392 μείζων
1075 1308 1151 1376 ἑκα-

132 1416 191 1480 τὸν
222 1417 353 1499 ποδῶν,
390 1412 444 1479 καί
476 1415 584 1498 βάθος
614 1411 706 1480 έστὶν
738 1414 840 1499 αὑτῆς
870 1416 1150 1503 τριακοντάπουν·

132 1531 239 1605 τεῖχος
267 1516 297 1585 δ’
326 1517 568 1607 ὑπερανέστηκε
595 1528 653 1603 τῆς
680 1520 808 1607 τάφρου
836 1522 962 1606 χώματι
989 1527 1150 1610 προσεχό-

132 1650 235 1711 μενον
267 1626 410 1691 ένδοθεν
441 1625 558 1713 ὑψηλῷ
585 1623 640 1689 καί
667 1630 798 1711 πλατεῖ,
830 1618 904 1694 οἷον
932 1631 1012 1713 μήτε
1040 1641 1151 1716 κριοῖς

132 1736 390 1815 κατασεισθῆναι
409 1734 489 1815 μήτε
508 1730 786 1816 ὑπορυττομένων
805 1744 872 1799 τῶν
885 1738 1053 1820 θεμελίων
1068 1735 1149 1802 ἀνα-

92 1826 305 1938 βχτραπῆναι.
354 1846 452 1903 τοῦτο
482 1839 519 1903 τδ
549 1841 674 1923 χωρίον
707 1836 788 1904 έπτδι
819 1837 880 1924 μέν
912 1839 981 1906 ἐστι
1012 1841 1144 1925 μάλιστ’

132 1942 185 2009 έπί
209 1952 311 2028 μῆκος
334 1944 492 2028 σταδίων,
514 1946 718 2028 πεντήκοντα
742 1941 780 2010 δὲ
802 1947 917 2012 ποδῶν
938 1945 991 2012 ἐπὶ
1009 1949 1147 2028 πλάτος·

132 2050 169 2117 έν
188 2044 214 2139 ᾧ
233 2054 306 2117 τότε
325 2052 361 2117 οί
371 2048 524 2134 Ῥωμαῖοι
543 2049 734 2135 τεταγμένοι
749 2053 835 2117 «κατὰ
848 2057 978 2137 πλῆθος
991 2052 1149 2141 ἀνεῖρξαν

131 2168 198 2223 τῶν
228 2160 395 2243 πολεμίων
425 2158 486 2241 τὴν
519 2159 643 2242 ἔφοδον
676 2159 752 2223 οὑτε
784 2160 931 2244 χελώνας
961 2163 1150 2248 χωστρίδας

131 2264 271 2329 είδότων
299 2263 550 2343 κατασκευάζειν
573 2274 639 2329 τῶν
662 2261 729 2329 τότ’
756 2263 963 2350 ἀνθρώπων,
990 2267 1067 2333 οὑτε
1091 2271 1149 2346 τὰς

91 2396 118 2435 νο
131 2366 337 2454 καλουμένας
366 2368 531 2446 ἑλεπόλεις
561 2369 716 2455 μηχανάς.
766 2371 802 2436 ολ
828 2366 889 2456 μὲν
920 2374 961 2457 δὴ
992 2373 1204 2459 πολέμιοι193ι

131 2476 332 2560 ἀπογνόντες
359 2486 417 2561 τῆς
442 2478 569 2553 πόλεως
592 2476 652 2559 τὴν
675 2477 801 2542 ἅλωσιν
824 2474 973 2564 ἀπῄεσαν
996 2478 1061 2546 ἀπὸ
1085 2492 1147 2549 τοῦ

129 2585 274 2668 τείχους,
301 2579 357 2647 καὶ
385 2582 573 2668 δηόισαντες
599 2583 660 2666 τὴν
687 2583 815 2669 χώραν,
843 2583 927 2666 ὅσην
955 2584 1148 2676 διεξῆλθον,

130 2688 259 2773 ἀπῆγον
283 2685 333 2753 έπ’
356 2694 450 2754 οίκου
474 2689 531 2765 τάς
554 2688 721 2772 δυνάμεις.

106 2851 108 2854 ,
197 2792 362 2859 LXVHII.
388 2792 540 2880 Ῥωμαῖοι
565 2790 603 2859 δὲ
624 2798 703 2871 τοὺς
725 2794 954 2880 καλουμένους
975 2795 1149 2883 ἀντιβασι-

90 2925 116 2967 ιι
130 2906 199 2979 λείς
221 2899 374 2985 ἑλόμενοι
396 2912 464 2968 τῶν
486 2901 706 2988 ἀρχαιρεσίων
729 2900 836 2987 ἕνεκα,
860 2902 878 2969 ὃ
896 2914 1006 2970 ποιεῖν
1024 2906 1150 2972 εἰώθα-

202 3020 423 3094 1.ΤιβέρεωςΑ
448 3020 579 3095 Τεβέριος
597 3023 643 3078 Ba
669 3020 808 3149 Τεχλέρεως
826 3023 874 3078 Bb
931 3007 933 3011 Ι
970 3024 1149 3099 δὺσπερΟ

130 3094 207 3163 εἴπερ
226 3092 356 3148 Ηθεὺλθίη
369 3092 486 3148 Hermes
500 3093 526 3147 X
539 3099 591 3149 419
664 3100 681 3149 4
735 3110 758 3150 c.
772 3094 875 3150 Reiske
944 3101 960 3150 8
980 3093 1148 3154 είσκνλίνων

127 3163 178 3219 ΑΟ
198 3161 394 3238 <ί>σκυλίνοον
413 3164 460 3218 Bb
485 3167 489 3234 Ι
514 3166 654 3234 πολλίμων
672 3164 749 3220 ΑΒο,
829 3173 862 3221 10
880 3168 961 3236 μῐζον
980 3167 1026 3220 Ba
1044 3172 1148 3238 μείζων

127 3234 175 3290 Bb
248 3242 280 3290 11
305 3236 391 3291 αὑτοῦ
410 3235 489 3290 ABG
581 3242 613 3289 12
637 3235 885 3307 προσεχόμενονΒ
911 3236 1103 3308 συνεχόμενον
1122 3241 1148 3295 R

126 3305 359 3377 προσκεχωμένον
379 3323 403 3361 ο.
422 3298 525 3361 Reiske
609 3311 641 3361 18
666 3305 903 3378 χω..στρέδοιςΒ
987 3315 1021 3364 19
1040 3319 1097 3365 τῶν
1117 3332 1148 3368 τε

128 3377 205 3430 ἀνῶν
223 3377 248 3499 13
339 3385 374 3433 20
392 3377 520 3448 μηχανάς
538 3378 592 3433 del.
613 3378 702 3434 Cobet
719 3378 785 3434 obs.
799 3397 826 3448 p.
843 3384 894 3434 185
985 3386 1020 3435 25
1041 3375 1149 3458 ἕλ<ό>-

128 3466 209 3517 μενοι
