2378 3840
516 187 683 236 ..Η-

87 347 148 410 τόν
171 368 206 410 τε
229 347 377 430 πόλεμον
401 346 441 411 οὐ
464 348 580 412 κοινὸν
603 348 742 429 άπασιν,
770 346 854 412 ἀλλὰ
878 349 971 432 σφίσι
994 350 1111 431 μόνοις

88 449 274 535 ἐπάγεσθαι
299 451 547 537 σκηπτομένων·
571 451 626 518 καὶ
646 448 689 537 ἦν
708 455 745 518 τὸ
764 452 1031 537 κακοηθέστατον
1049 463 1111 519 τοῦ

89 558 199 643 δήμου
223 557 323 644 μέρος
345 559 412 643 άμα
433 560 574 637 τούτοις.
611 563 764 646 στρατιάς
787 555 825 624 δὲ
845 561 1070 645 καταγράφειν
1090 559 1111 644 ή

88 668 206 728 καλεῖν
225 665 303 741 τοὺς
321 665 515 749 συμμάχους
533 665 554 750 ή
572 666 888 746 παρασκευάσασθαι
907 669 948 731 τά
963 668 1111 732 κατεπεί-

88 793 193 855 γοντα
217 771 274 835 διά
296 771 336 835 τά
358 773 441 856 πρὸς
463 770 629 855 ἀλλήλους
651 775 733 856 ἔχθη
756 770 811 837 καὶ
834 773 892 850 τὰς
910 772 947 837 ἐν
966 785 1038 850 ταῖς
1058 771 1109 837 ἐκ·
1138 795 1151 836 ο

88 878 243 960 κλησίαις
265 867 461 962 κατηγορίας
484 875 556 942 οὐδ’
581 880 629 953 είς
651 888 735 943 νοῦν
759 876 956 962 ἐλάμβανον.

156 981 232 1047 XV.
266 985 371 1047 Τοῦτο
394 986 642 1066 καταμαθόντες
665 984 700 1049 ολ
715 985 936 1069 πρεσβύτατοι
954 996 1021 1050 τῶν
1035 982 1108 1049 Ῥῶ-

89 1091 199 1173 μαίων
219 1087 463 1173 συστραφέντες
481 1091 620 1155 ἔπειθον
639 1089 709 1174 ἰδίμ
727 1112 762 1154 τε
781 1089 835 1154 καὶ
856 1089 892 1155 έν
910 1101 1012 1178 κοινῷ
1033 1095 1111 1169 τοὺς

88 1195 394 1272 στασιωδεστάτους
402 1206 470 1260 τῶν
480 1196 668 1279 δημοτικῶν
682 1197 876 1262 παύσασθαι
890 1208 957 1261 τῶν
971 1199 1019 1273 είς
1032 1201 1111 1274 τοὺς

87 1303 284 1386 πατρικίους
312 1300 468 1380 ὑποψιῶν
497 1324 532 1366 τε
560 1298 616 1366 καὶ
643 1312 863 1387 κατηγοριῶν·
895 1302 1110 1380 διδάσκοντες
1125 1329 1150 1368 10

90 1407 163 1489 [ῶς]
185 1408 216 1472 εί
234 1404 279 1471 δι’
297 1404 371 1484 ἑνὸς
389 1406 513 1493 ἀνδρὸς
531 1406 715 1492 ἐπιφανοῦς
732 1409 845 1492 φυγήν
863 1418 1022 1485 τοσοῦτος
1040 1413 1110 1475 κίν-

89 1514 193 1590 δυνος
211 1510 345 1597 κατέσχε
364 1511 425 1594 τήν
443 1515 555 1596 πόλιν,
577 1516 614 1578 τί
628 1513 691 1599 χρή
709 1515 912 1599 προσδοκᾶν,
931 1514 990 1580 ἐάν
1009 1514 1109 1600 ἀναγ-

87 1626 264 1685 κασθῶσιν
291 1619 326 1683 ολ
345 1617 463 1684 πολλοὶ
486 1629 554 1684 τῶν
576 1623 760 1705 πατρικίων
782 1621 1110 1706 προπηλακισθέντες

86 1726 154 1792 ὑπὸ
184 1734 244 1790 τοῦ
272 1725 380 1808 δήμου
407 1725 507 1791 ταύτὸ
536 1735 715 1811 φρονῆσαι·
746 1725 801 1792 καὶ
827 1727 988 1813 κατέσχον
1015 1726 1108 1795 οὗτοι

87 1833 150 1917 τήν
171 1829 336 1914 ἀκοσμίαν
358 1841 419 1897 τοῦ
441 1834 602 1914 πλήθους.
647 1832 862 1917 παυσαμένου
887 1831 924 1900 δὲ
946 1846 1007 1901 τοῦ
1029 1806 1149 1919 πολ-125

88 1943 151 2003 λοῦ
178 1938 333 2021 θορύβου
361 1941 573 2003 συνελθοῦσα
599 1938 620 2022 ή
648 1940 753 2023 βουλή
781 1951 850 2016 τοῖς
877 1937 938 2024 μὲν
961 1940 1025 2006 ἀπὸ
1048 1951 1109 2006 τοῦ

17 2052 208 2112 1833κοινοῦ
231 2053 299 2108 τῶν
321 2046 477 2109 Λατίνων
500 2053 644 2130 παροῦσι
666 2049 883 2130 πρεσβευταῖς
905 2044 958 2111 ἐπὶ
982 2063 1109 2131 συμμα-

89 2154 163 2238 χίας
190 2155 322 2234 αίτησιν
348 2149 562 2236 ἀπεκρίνατο,
590 2151 635 2235 μή
659 2148 779 2238 ῥᾴδιον
801 2147 888 2217 εἶναι
912 2157 1006 2239 σφίσι
1029 2157 1110 2238 βοή-

88 2264 189 2323 θειαν
217 2254 431 2322 ἀποστέλλειν
457 2258 539 2322 κατά
567 2259 603 2322 τὸ
631 2261 752 2344 παρόν·
781 2258 893 2336 αὐτοῖς
916 2258 945 2325 δ’
970 2259 1109 2339 ἐκείνοις

90 2361 277 2449 ἐπιτρέπειν
299 2364 360 2447 τήν
384 2360 511 2429 ἑαυτῶν
535 2366 693 2450 στρατιάν
714 2367 938 2452 καταγράφειν
958 2366 1014 2432 καὶ
1032 2368 1107 2451 ήγε-
1121 2395 1147 2434 ιο

89 2472 194 2554 μόνας
219 2479 277 2553 τής
305 2469 477 2554 δυνάμεως
503 2472 610 2548 ἰδίους
633 2469 808 2555 ἐκπέμπειν
831 2495 882 2557 τε,
910 2474 990 2539 ὅταν
1013 2472 1108 2540 αὐτοὶ

89 2573 280 2660 ἐκπέμψωσι
317 2577 469 2661 δύναμιν.
530 2575 567 2642 ἐν
603 2579 666 2663 γάρ
703 2589 775 2655 ταῖς
811 2582 1014 2663 συνθήκαις,
1056 2572 1108 2656 αἷς

89 2680 289 2767 ἐποιήσαντο
318 2685 402 2768 πρὸς
431 2682 553 2760 αὐτοὺς
581 2681 663 2771 περὶΧ
689 2688 816 2769 φιλίας,
848 2682 1036 2770 ἀπόρρητον
1063 2680 1106 2768 ήν

88 2790 219 2855 τούτων
242 2785 404 2875 ἑκάτερον.
450 2800 520 2866 τοῖς
543 2786 576 2855 δ’
597 2790 736 2868 ὑπάτοις
759 2789 891 2874 ἐφήκαν
908 2793 1048 2875 στρατόν
1070 2792 1141 2856 τε3

160 3024 176 3071 3
204 3016 349 3086 στρατείας
372 3016 447 3070 ABa
471 3017 602 3088 στρατιάς
625 3019 671 3071 Bb
747 3025 765 3072 4
790 3016 1058 3072 κατασκευάσασθαι
1082 3017 1105 3072 O

90 3086 364 3158 παρασκευάσασθαι
381 3087 526 3158 KIessling
544 3089 578 3145 cf.
593 3089 660 3143 VIII
679 3094 721 3156 11,
741 3095 754 3141 1
812 3095 827 3144 ‘1
846 3097 901 3142 τῶν
919 3104 973 3142 om.
992 3088 1015 3141 B
1072 3095 1103 3141 11

91 3159 127 3222 ὡς
148 3159 204 3214 del.
224 3158 327 3228 Sylbur
418 3166 452 3213 14
475 3157 565 3232 οὗτοι]
590 3159 661 3214 οδτιο
685 3177 707 3214 ο.
727 3159 855 3214 Hertlein
872 3159 989 3213 Hermes
1008 3159 1034 3211 X
1052 3166 1104 3213 41‘1

91 3237 122 3284 21
158 3232 175 3265 *
199 3228 290 3292 ἰδίους
322 3175 474 3300 ἐξιπέμπειν
506 3250 535 3285 τε
569 3230 637 3300 δοην
668 3232 736 3302 (την
768 3230 798 3283 in
830 3248 884 3288 ras.
917 3230 951 3300 B)
984 3228 1020 3284 άν
1051 3231 1105 3283 ΑΒ

91 3298 180 3364 ἰδίους
207 3302 358 3368 ἀποδεῖξαι
386 3300 437 3365 ἕως
464 3301 521 3367 (vel
543 3299 621 3372 τέως)
649 3319 672 3356 ο.
696 3301 839 3370 Kiessling
867 3299 884 3355 i.
914 3296 935 3355 ἐ.
964 3320 1007 3370 τε,
1036 3300 1104 3356 δταν

91 3389 143 3443 ego
167 3373 203 3428 cf.
215 3371 326 3455 Kayser
343 3373 415 3428 Ann.
434 3372 504 3444 phil.
525 3378 593 3428 1868
612 3391 639 3442 p.
659 3377 711 3428 816
779 3377 813 3426 22
834 3368 996 3442 ἐκπέμψωσι
1016 3372 1036 3427 0
1055 3373 1105 3427 δέ·

91 3463 195 3499 νονται
213 3461 243 3497 m
261 3460 326 3514 mge
1084 3483 1086 3487 .
