2424 3848
521 179 687 233 ..Η-

163 337 319 403 XXVIII.
353 337 450 421 Φέρε,
474 336 532 404 ἐάν
556 334 593 404 δὲ
612 339 653 422 δη
671 339 898 426 κατορθώσῃς,
919 341 956 405 τί
969 341 1010 405 τδ
1027 346 1115 405 θαυ-

97 446 223 529 μαστὸν
254 446 343 510 ἔσται
374 462 426 511 σοι
456 442 511 510 καὶ
540 444 764 530 περιμάχητον
793 444 942 530 ἀγαθόν,
970 445 992 529 ἢ
1022 447 1117 523 τίνας

98 549 208 637 ἐξοίσῃ
239 549 351 630 δόξας;
383 548 438 617 καὶ
467 552 531 638 γάρ
561 547 650 616 τοῦτ’
679 549 841 630 ἐξέτασον.
889 562 1024 638 πρῶτον
1054 547 1118 636 μὲν

97 668 165 723 τῶν
183 658 351 743 φιλτάτων
369 679 403 722 τε
422 655 477 722 καὶ
496 657 764 740 ἀναγκαιοτάτων
782 656 920 742 ὑπάρξει
937 673 991 723 σοι
1005 657 1119 744 στερέὴ

71 770 182 829 εσθαι
206 764 380 848 σωμάτων,
402 766 524 850 μητρὸς
544 763 676 846 ἀθλίας,
700 758 723 850 ἦ
740 763 900 848 γενέσεως
916 763 972 830 καὶ
988 774 1121 850 τροφῆς

98 868 154 936 καὶ
186 881 254 936 τῶν
286 872 396 937 ἀλλων
429 865 477 935 ὧν
509 872 603 955 ἔσχεν
633 868 686 936 ἐπὶ
717 868 770 936 σοὶ
799 874 914 937 πόνων
943 869 985 937 ού
1014 873 1122 950 καλὰς

99 977 240 1062 ἀμοιβάς
270 975 450 1053 ἀποδίδως·
482 978 593 1041 ἔπειτα
622 978 980 1063 γαμετῆςσάφρονος,
1010 977 1033 1060 ἣ
1063 979 1161 1044 διὰ]

99 1086 158 1150 τὸν
187 1085 248 1149 σὸν
276 1085 387 1148 πόθον
415 1081 452 1146 ἐν
479 1081 598 1170 ἐρημίᾳ
624 1079 680 1147 καὶ
702 1085 818 1171 χηρείφ
838 1082 985 1167 κάθηται
1006 1092 1131 1151 πᾶσαν

99 1188 226 1275 ἡμέραν
249 1186 306 1255 καὶ
327 1189 431 1254 νύκτα
454 1189 512 1265 τάς
535 1190 595 1266 σάς
617 1190 727 1273 φυγὰς
749 1187 950 1276 ὀδυρομένη·
973 1191 1061 1275 πρὸς
1085 1188 1127 1257 δὲ

61 1320 87 1359 10
100 1297 231 1373 τούτοις
259 1294 384 1361 τέκνων
414 1296 525 1378 δυεῖν,
554 1295 613 1372 οὓς
642 1294 743 1381 ἐχρῆν
772 1294 912 1379 ἀγαθῶν
940 1299 1125 1381 προγόνων

101 1405 199 1479 ὄντας
221 1401 408 1485 ἀπογόνους
430 1408 642 1488 καρποῦσθαι
663 1403 722 1479 τάς
745 1400 881 1468 ἐκείνων
904 1403 1001 1487 τιμάς
1023 1403 1119 1470 εύδο·

67 1515 87 1579 2
104 1509 243 1588 ξοῦντας
262 1507 299 1572 ἐν
318 1507 500 1594 εὐτυχούσῃ
519 1516 558 1593 τῇ
576 1510 720 1593 πατρίδι.
747 1503 795 1574 ὧν
814 1507 970 1575 ἀπάντων
988 1511 1119 1596 οἰκτρὰς

101 1612 159 1680 καὶ
177 1613 306 1696 ἀτυχείς
324 1612 563 1700 ἀναγκασθείσῃ
581 1619 724 1699 θεωρεῖν
738 1613 981 1701 καταστροφάς,
999 1617 1032 1681 εί
1047 1621 1117 1682 τολ-

102 1721 216 1805 μησεις
239 1720 420 1803 προσάγειν
441 1731 511 1797 τοῖς
533 1723 653 1806 τείχεσι
673 1722 732 1786 τὸν
750 1723 910 1804 πόλεμον·
932 1720 975 1786 ού
993 1723 1061 1808 γὰρ
1079 1723 1118 1807 δη

62 1851 89 1892 ιε
102 1828 277 1911 φείσονται
308 1837 375 1891 τῶν
407 1837 476 1891 σῶν
508 1825 651 1903 οὐθενὸς
680 1826 716 1891 οί
744 1823 820 1910 περὶ
850 1837 917 1892 τῶν
949 1826 1118 1915 σφετέρων

102 1933 357 2009 κινδυνεύοντες
386 1930 441 1997 καὶ
471 1933 519 2008 είς
547 1932 588 1996 τά
617 1931 716 2016 ὅμοια
744 1942 853 2008 κακῶς
878 1931 943 1997 ὑπὸ
973 1943 1038 2000 σοῦ
1060 1934 1120 2000 πά-

103 2056 253 2124 σχοντες,
281 2036 352 2104 ἀλλ’
377 2039 424 2115 είς
446 2039 619 2122 αἰκισμοὺς
641 2037 752 2104 αὐτῶν
774 2039 906 2115 δεινοὺς
927 2035 984 2103 καὶ
1006 2039 1120 2126 ὕβρεις

103 2144 252 2230 ἀνηλεεῖς
274 2142 330 2209 καὶ
352 2153 462 2210 πᾶσαν
485 2145 590 2228 ἀλλην
609 2142 703 2209 ίδέαν
720 2149 995 2229 προπηλακισμοῦ
1013 2148 1122 2233 χωρή-

103 2268 222 2316 σουσιν
241 2251 306 2317 ὑπὸ
325 2262 393 2317 τῶν
412 2261 594 2336 συμφορῶν
613 2253 816 2335 βιαζόμενοι·
838 2248 894 2316 καὶ
912 2252 1042 2319 τούτων
1060 2252 1122 2338 οὐχ

64 2381 91 2421 εο
105 2359 140 2424 οί
156 2358 311 2442 δρῶντες,
333 2354 405 2423 ἀλλ’
424 2358 441 2424 ὁ
460 2359 522 2442 τὴν
540 2356 688 2440 ἀνάγκην
706 2356 819 2435 αὐτοῖς
837 2354 998 2434 ἐπιτνθελς
1017 2364 1124 2439 αίτιος

69 2467 177 2550 δύσῃ·
207 2464 332 2548 ἡδονάς
358 2460 420 2548 μὲν
448 2464 489 2548 δη
517 2465 670 2540 τοιαύτας
697 2464 854 2550 καρπώσῃ
879 2463 962 2529 κατά
984 2465 1123 2550 γνώμην

104 2573 316 2658 χωρήσαντός
334 2586 387 2636 σοι
405 2570 505 2635 τοῦδε
523 2579 583 2634 τοῦ
603 2571 714 2655 ἔργου,
738 2571 875 2636 ἔπαινον
894 2565 931 2635 δὲ
949 2567 1004 2635 καὶ
1025 2573 1123 2656 ζῆλον

104 2677 159 2743 καὶ
189 2677 299 2761 τιμάς,
329 2671 376 2741 ὧν
406 2671 584 2760 ὀρέγεσθαι
613 2674 675 2760 χρὴ
704 2677 785 2752 τοὺς
810 2674 959 2758 ἀγαθοὺς
986 2676 1161 2764 ἀνδρας,1υ

106 2786 221 2850 σκόπει
247 2784 344 2859 ποίας
370 2781 476 2858 τινάς·
506 2781 728 2866 μητροκτόνος
754 2784 897 2867 κεκλήση
923 2778 980 2846 καὶ
1007 2784 1123 2850 παιδο-

63 2911 93 2960 εε
106 2893 210 2976 φόνος
237 2885 292 2953 καὶ
320 2888 476 2971 γυναικὸς
503 2886 670 2971 ἀλιτήριος
696 2883 752 2951 καὶ
778 2888 936 2974 πατρίδος
959 2886 1123 2976 ἀλάστωρ,

105 2994 161 3065 καί
185 2995 262 3062 ούτε
284 3001 415 3060 θυσιῶν
439 2994 515 3059 ούτε
537 2994 693 3058 σπονδῶν
711 2991 788 3059 οὔθ’
811 2991 929 3079 ἑστίας,
953 2993 1031 3060 ὅποι
1048 2993 1119 3062 ποτ’

178 3160 194 3207 2
215 3150 273 3208 ἔστι
291 3150 344 3205 ΑΒ
363 3148 441 3206 ἔσται
460 3149 581 3220 Sylburg
666 3156 684 3205 4
702 3169 731 3204 τε
750 3149 816 3204 add.
835 3149 858 3202 B
945 3155 979 3205 13
998 3152 1123 3223 ἀναγκα-

106 3221 288 3296 οθήσ<η>Β
345 3230 378 3278 16
397 3220 437 3286 είς
455 3238 510 3276 om.
530 3220 671 3292 ΟΙόμοια
691 3219 713 3274 Ο
735 3218 826 3275 οἰκεῖα
845 3237 868 3276 ο.
888 3219 1036 3294 Kiessling
1091 3229 1122 3279 1⁷

108 3296 220 3357 δεινοὺς
239 3294 304 3350 εδδ.
323 3294 346 3347 Β
436 3299 469 3347 21
490 3289 538 3364 ἔσῃ
558 3293 591 3347 τό
611 3309 634 3347 ο.
653 3291 757 3346 Reiske
777 3287 888 3354 ἐπιθείς
906 3309 929 3347 ο.
949 3292 1040 3349 Cobet
1059 3294 1123 3351 Oba.

108 3383 136 3435 p.
151 3371 203 3421 160
228 3370 232 3434 Ι
262 3365 298 3434 δὴ
318 3363 425 3418 αδδΒ
498 3370 531 3418 22
552 3361 671 3419 ἔπαινον
689 3362 721 3418 δὲ
740 3362 789 3418 καί
807 3366 889 3432 ζῆλον
907 3363 934 3417 A
953 3362 1075 3422 ἔπαινον
1093 3365 1124 3422 δὲ

109 3437 145 3506 δὴ
165 3435 215 3491 καὶ
233 3439 255 3502 ζ.
272 3437 292 3489 Β
348 3442 383 3489 24
402 3432 515 3498 *ποίας
532 3437 612 3497 τίνας
630 3437 651 3489 Β
671 3436 756 3497 ποίας
773 3435 821 3489 καὶ
839 3431 919 3498 τίνας
936 3435 963 3490 R
981 3437 1091 3492 correxi
