2424 3848
121 194 186 259 332
543 195 709 248 -Θ-

120 354 182 440 μέν
199 378 236 438 γε
255 361 459 439 πολεμῶμεν,
482 359 559 433 τοὺς
577 355 720 442 ἐχθροὺς
737 368 844 434 κακῶς
860 368 1038 444 ποιοῦμεν,
1057 362 1141 429 όταν
1183 375 1186 382 “

85 459 153 527 ὅδ’
180 463 318 546 εἰρήνην
341 463 490 545 ἀγωμεν,
511 465 590 539 τοὺς
612 466 741 546 φίλους.
787 467 908 547 καίτοι,
932 459 958 528 ὦ
984 467 1140 552 δημόται,

121 568 153 631 εί
174 564 235 650 μὲν
258 568 386 633 ἅπαντα
408 569 448 633 τδι
471 570 680 652 βουλεύματα
699 579 759 635 τοὺ
777 571 958 654 συνεδρίου
977 575 1064 637 καλά
1083 573 1139 639 κοιλ

122 670 334 757 συμφέροντα
362 671 493 757 ἡγεῖσθ’
522 669 625 758 εἶναι,
657 675 766 759 ὥσπερ
796 672 881 759 ἐστί,
912 677 950 740 τί
975 677 1054 764 οὐχί
1083 679 1145 746 καλ»

94 775 217 843 ιτοῦθ’
248 779 285 844 ἓν
312 777 345 856 ἐξ
374 779 483 843 αὐτῶν
509 777 751 864 ὑπολαμβάνετ’
778 775 879 858 είναι;
912 783 944 846 εί
971 779 1009 847 δὲ
1033 783 1138 869 μηδὲν

122 881 232 960 ἁπλῶς
255 884 317 967 τὴν
339 885 467 968 βονλὴν
489 895 556 950 τῶν
580 886 726 951 δεόντων
750 891 862 951 οίεσθε
881 899 1036 971 φρονεῖν,
1060 887 1186 956 ἀλλ’]εε

122 992 266 1074 αἰσχρῶς
287 988 343 1055 καὶ
363 1001 470 1067 κακῶς
487 992 549 1075 τὴν
567 994 665 1057 πόλιν
684 990 924 1078 ἐπιτροπεύειν,
946 998 983 1059 τί
999 995 1041 1078 δη
1060 993 1133 1061 ποτ’

121 1093 196 1180 οὐχί
218 1097 498 1181 μεταστησάμενοι
522 1097 628 1180 αύτὴν
650 1095 795 1181 ἀθρόαν,
824 1096 920 1163 αὐτοὶ
942 1101 1059 1185 ἄρχετε
1082 1100 1138 1166 καὶ

121 1202 295 1285 βουλεύετε
323 1200 378 1267 καὶ
405 1205 483 1279 τοὺς
509 1199 593 1287 ὑπὲρ
620 1212 677 1286 τῆς
699 1202 876 1287 ἡγεμονίας
897 1204 1065 1290 πολέμους
1087 1206 1138 1273 ἐκ·

81 1329 108 1369 10
122 1306 255 1392 φέρετε,
282 1308 366 1372 ἀλλὰ
392 1311 591 1393 περικνίζετε
619 1309 723 1392 κύτὴν
750 1307 806 1375 καὶ
833 1311 915 1375 κατὰ
940 1313 1043 1394 μικρά
1066 1314 1138 1377 δια-

120 1415 215 1478 λύετε
234 1416 312 1491 τοὺς
328 1412 609 1498 ἐπιφανεστάτους
623 1412 864 1499 ἀναρπάζοντες
876 1413 914 1479 ἐν
927 1427 1000 1493 ταῖς
1014 1419 1137 1497 δίικιιςς

120 1521 258 1603 άμεινον
290 1521 353 1605 γάρ
384 1514 426 1604 ἡν
456 1520 579 1585 άπασιν
608 1520 690 1604 ἡμῖν
719 1528 814 1605 κοινῇ
843 1525 1085 1608 πολεμεῖσθαι,
1116 1525 1136 1609 ἡ

86 1623 197 1694 6καθ’
221 1625 280 1690 ἕνα
302 1623 440 1691 ἕκαστον
464 1627 534 1713 ίδίμ
557 1633 850 1712 συκοφαντεῖσθαι.
888 1628 972 1692 ἀλλά
991 1618 1056 1715 γάρ
1075 1631 1137 1716 οὐχ

120 1731 215 1814 ὑμεῖς
238 1737 337 1795 αίτιοι
360 1732 504 1816 τούτων,
533 1734 643 1820 ὥσπερ
667 1735 768 1819 ἔφην,
795 1731 868 1798 ἀλλ’
896 1733 931 1799 οί
954 1737 1137 1820 συνταράτ-

81 1856 107 1898 1⁶
120 1859 232 1913 τοντες
267 1835 354 1920 ὑμᾶς
390 1837 581 1922 δημαγωγοὶ
617 1837 687 1905 οὔτ’
720 1841 882 1925 ἀρχεσθαι
913 1838 1137 1923 ὑπομένοντες

122 1938 194 2009 οὔτ’
227 1937 342 2028 ἀρχειν
374 1943 507 2019 είδότες.
556 1940 612 2007 καὶ
643 1943 724 2008 όσον
756 1940 817 2028 μὲν
849 1941 903 2009 ἐπὶ
934 1953 973 2029 τῇ
1007 1947 1137 2011 τούτων

123 2048 299 2135 ἀφροσύνη
326 2070 361 2112 τε
388 2046 443 2113 καὶ
472 2048 605 2135 ἀπειρίᾳ
631 2050 789 2127 πολλάκις
816 2049 858 2115 ἀν
885 2049 966 2133 ὑμῖν
993 2054 1071 2117 τόδε
1099 2055 1136 2118 τὸ

121 2155 247 2239 σκάφος
270 2153 452 2239 ἀνετράπη,
478 2164 543 2221 νῦν
567 2153 598 2219 δ’
624 2155 644 2238 ἡ
668 2157 708 2220 τά
730 2157 858 2221 τούτων
882 2156 1058 2241 σφάλματα
1082 2158 1137 2224 ἐπ-

122 2266 315 2345 ανορθοῦσα
351 2258 404 2325 καὶ
443 2260 480 2326 ἐν
516 2261 603 2346 ὀρθῇ
635 2259 824 2348 παρέχουσα
854 2262 936 2346 ὑμῖν
967 2272 1007 2348 τῇ
1040 2268 1137 2330 πόλει

81 2386 108 2426 ιο
122 2367 273 2451 <πλεῖν>,
302 2365 322 2448 ἡ
352 2371 488 2432 πλεῖστα
519 2368 613 2434 δεινά
641 2366 697 2434 ὑπ’
724 2369 836 2434 αὐτῶν
866 2368 1036 2435 ἀκούουσά
1066 2370 1137 2437 ἐστι

87 2475 237 2556 λβουλὴ.
268 2470 358 2538 ταῦτ’
379 2471 444 2538 εἴθ’
465 2471 547 2556 ἡδέα
566 2471 656 2539 ἐστὶν
673 2474 754 2558 ὑμῖν
773 2473 908 2541 ἀκούειν
926 2473 985 2541 εἶτ’
1003 2475 1137 2564 ἀνιαρά,

122 2579 202 2664 μετδι
224 2577 331 2661 πάσης
353 2577 512 2664 ἀληθείας
534 2584 664 2665 εἴρηταί
683 2583 817 2665 μοικαί
839 2583 1047 2665 τετόλμηται·
1080 2581 1136 2648 καί

121 2690 248 2769 μᾶλλον
276 2685 431 2769 αίροίμην
458 2684 500 2750 ἀν
526 2689 694 2773 παρρησίᾳ
721 2687 936 2772 συμφερούση
962 2695 1009 2773 τῷ
1032 2696 1186 2777 κοινῷιῖῖι

120 2792 290 2878 χριόμενος
318 2789 517 2874 ἀποθανεῖν,
547 2789 567 2874 ἡ
594 2791 634 2855 τά
660 2794 743 2877 πρὸς
769 2791 896 2874 ἡδονὴν
922 2791 1005 2876 ὑμῖν
1028 2792 1136 2876 λέγων

81 2916 108 2958 ει
121 2896 322 2962 σεσῶσθαι.“

193 3165 209 3212 3
229 3159 302 3212 καλά
320 3157 369 3213 καὶ
388 3175 441 3212 om.
457 3158 480 3211 Β
535 3164 551 3212 5
571 3154 600 3226 ἐξ
620 3153 759 3232 ἑκατέρων
777 3158 823 3212 Ba
842 3154 871 3225 ἐξ
890 3160 982 3214 αὑτῶν
998 3159 1025 3213 R
1040 3160 1044 3234 1
1062 3160 1135 3218 εἶναι

121 3231 176 3285 del.
188 3230 277 3284 Cobet
291 3229 357 3284 Obs.
371 3248 398 3298 p.
411 3236 462 3284 179
514 3235 546 3283 12
561 3224 598 3299 ἡν
612 3247 665 3286 om.
677 3231 699 3283 Β
751 3235 784 3285 15
799 3229 961 3300 δημαγωγοὶ
974 3231 1024 3285 καλ
1038 3232 1134 3288 οὑτεΒ

122 3307 156 3355 18
176 3300 211 3368 δὴ
230 3301 277 3354 Ba
296 3300 327 3356 δὲ
345 3300 422 3354 ABb
442 3299 471 3354 δ’
487 3300 504 3368 ἡ
523 3300 626 3356 Reiske
637 3304 648 3370 Ἰ
667 3301 754 3356 verba
773 3321 847 3371 ματα
864 3298 1069 3372 ἐπανορθοῦσα
1087 3304 1136 3359 καλ

121 3367 153 3425 ἐν
173 3371 247 3440 ὀρθῇ
265 3370 427 3440 παρέχουσα
451 3388 504 3426 om.
523 3371 570 3426 Ba
646 3379 681 3427 λθ
703 3377 784 3427 πλεῖν
803 3374 869 3426 ante
888 3371 1051 3443 παρέχουσα
1069 3375 1135 3430 αδδ.

122 3441 233 3508 ΒείεΙιε,
253 3456 306 3510 ego
325 3444 392 3511 post
409 3441 490 3496 πόλει
507 3441 614 3496 inserui
638 3447 642 3513 Ι
665 3443 682 3511 ἡ
703 3461 756 3499 om.
775 3442 823 3496 Ba
914 3495 917 3502 ,

61 3526 166 3616 ἢ
