2424 3848
515 226 682 274 -H-
1040 222 1106 286 245

90 385 134 468 ἣν
158 383 201 450 άν
223 383 260 449 ἐκ
282 386 404 461 παντὸς
426 387 621 469 κτήσωνται,
644 387 706 470 τὴν
730 381 844 471 ἑτέραν
868 382 958 462 ἔταξε
981 384 1106 469 λαμβά-

90 515 163 557 νειν
186 492 301 577 τρίτην
324 493 451 577 μερίδα.
497 492 580 556 ὥστε
603 489 825 577 μεριζομένων
849 493 896 568 είς
917 502 1005 574 τρεῖς
1027 494 1105 576 κλη-
1124 491 1145 556 3

91 621 173 682 ρους
191 607 257 662 τῶν
275 598 436 682 λαφύρων
454 600 533 675 τοὺς
551 595 612 683 μέν
626 599 795 682 ὑπηκόους
813 622 847 663 τε
865 596 920 663 καὶ
939 596 1106 682 ἐπήλυδας

36 706 259 789 εθῖδιμοιρίας
281 706 475 789 λαμβάνειν,
498 708 576 781 τοὺς
599 702 629 769 δ’
654 705 845 787 αὐθιγενεῖς
862 702 917 769 καί
940 705 1106 790 ἡγεμόνας

89 812 206 896 τρίτην
229 811 355 894 μερίδα.
402 810 437 876 ἐκ
465 807 502 876 δὲ
530 811 650 876 τούτου
678 812 773 876 δυεῖν
795 821 862 876 τών
886 809 1105 877 ἀτοπωτάτων
1131 836 1144 879 ι

88 908 236 1001 θάτερον
259 916 495 984 ἐπεδείκνυσαν
515 916 627 994 αὐτοῖς
646 920 913 1001 συμβησόμενον,
936 916 994 983 ε’άν
1011 940 1106 995 τινας

89 1021 223 1109 ἐτέρους
243 1025 300 1088 διά
318 1026 442 1101 πολλάς
458 1023 514 1090 καὶ
532 1024 676 1110 μεγάλας
694 1023 883 1110 εὐεργεσίας
899 1022 1106 1109 προέλωνται

88 1141 162 1206 ταῖς
184 1130 299 1208 αὐταῖς
320 1138 454 1214 τιμῆσαι
472 1133 623 1217 δωρεαῖς,
646 1121 699 1207 αίς
716 1132 882 1206 Λατίνους
900 1127 928 1194 τ’
947 1129 1105 1214 ἐτίμησαν

88 1234 148 1302 καί
169 1239 247 1314 τοὺς
269 1233 345 1321 μηδ’
369 1236 484 1302 ὁτιοῦν
502 1235 633 1320 ἀγαθὸν
652 1233 932 1319 ἀποδειξαμένους
940 1233 1105 1321 Ἕρνικας.

80 1349 82 1353 ’
89 1351 168 1428 μιᾶς
189 1344 253 1429 γάρ
275 1341 552 1427 καταλειπομένης
574 1342 687 1419 αὐτοῖς
709 1345 819 1428 τρίτης
836 1344 981 1428 μερίδος,
1004 1341 1024 1426 ἢ
1044 1341 1104 1426 οὐχ
1118 1368 1145 1410 ιο

90 1449 190 1533 ἕξειν,
212 1448 231 1513 ό
253 1473 285 1514 τι
309 1450 478 1515 δώσουσιν
501 1447 640 1526 ἐκείνοις
662 1445 760 1534 μέρος
782 1447 803 1532 ἣ
822 1449 862 1512 τά
882 1449 981 1532 ὅμοια
1003 1459 1106 1534 ψηφι-

91 1554 256 1640 σαμένους
278 1552 382 1640 μηδὲν
406 1552 534 1632 ἑαυτοῖς
557 1557 777 1632 καταλείψειν.

158 1660 340 1728 LXXVIII.
385 1664 479 1747 Πρὸς
510 1657 548 1726 δέ
579 1661 709 1737 τούτοις
741 1659 932 1748 διεξῄεσαν,
965 1661 1016 1728 ὅτι
1048 1664 1106 1748 δη-

89 1777 210 1854 μεῦσαι
237 1769 278 1833 τά
304 1769 401 1833 κοινά
428 1776 486 1850 τῆς
517 1770 644 1844 πόλεως
678 1766 915 1852 ἐπιβαλόμενος
945 1770 1020 1834 οὔτε
1049 1778 1107 1853 τῆς

88 1878 214 1960 βουλῆς
240 1872 470 1959 ψηφισαμένης
497 1875 574 1938 οὔτε
601 1882 646 1962 τῷ
675 1874 854 1963 συνυπάτῳ
882 1875 1022 1959 δοκοῦν,
1048 1879 1105 1964 βία
1119 1902 1146 1945 15

88 1990 217 2067 κυροῦν
241 1979 398 2065 ἐμέλλησε
420 1982 479 2046 τὸν
502 1982 619 2064 νόμον,
642 1979 678 2057 ὃς
701 1980 742 2046 οῦ
765 1976 842 2045 καθ’
865 1981 903 2045 ἓν
925 1990 1023 2047 τοῦτο
1047 1985 1106 2066 μό-

88 2111 153 2154 νον
184 2082 226 2172 ην
254 2085 448 2173 ἀσύμφορός
476 2084 590 2151 τεκαὶ
618 2086 748 2170 ἄδικος,
780 2086 831 2151 ὅτι
858 2090 1106 2171 προβουλεῦσαι

91 2192 170 2260 δέον
192 2196 230 2260 τὸ
253 2191 430 2280 συνέδριον
448 2191 504 2258 καὶ
523 2195 554 2258 εί
572 2191 700 2271 δόξειεν
723 2190 838 2281 ἐκείνω
860 2194 979 2278 κοινὴν
1002 2192 1106 2258 ἁπάν-

90 2324 159 2367 των
177 2295 262 2366 είναι
280 2310 347 2366 τών
366 2298 403 2364 ἐν
421 2297 507 2365 τέλει
529 2301 592 2383 τὴν
609 2301 868 2383 φιλανθρωπίαν
889 2296 964 2376 ἑνὸς
982 2298 1106 2386 ἀνδρὸς

92 2406 197 2472 ἐποίει
229 2408 290 2490 τὴν
319 2407 430 2492 χάριν·
463 2405 547 2471 άλλδι
573 2403 630 2470 καὶ
660 2402 732 2470 κατ’
764 2405 870 2471 ἐκεῖνο
903 2408 940 2472 τὸ
971 2395 1146 2508 πάντωνὲ0

91 2513 346 2599 σχετλιώτατον,
378 2513 429 2578 ότι
458 2514 547 2600 λόγῳ
579 2507 642 2596 μέν
672 2512 764 2588 δόσις
790 2505 834 2595 ἦν
861 2522 929 2588 τοῖς
956 2515 1107 2589 πολίταις

89 2629 149 2704 τῆς
172 2620 332 2703 δημοσίας
352 2620 471 2705 χώρας,
494 2621 580 2707 ἔργω
600 2614 630 2683 δ’
654 2616 838 2704 ἀφαίρεσις,
856 2615 1025 2703 Ῥωμαίων
1044 2615 1105 2703 μέν

36 2737 158 2796 598τών
181 2723 396 2812 κτησαμένων
415 2725 518 2810 αὐτὴν
537 2727 617 2808 μίαν
635 2734 756 2810 μοῖραν
775 2723 985 2809 ληψομένων,
998 2722 1106 2811 Ἑρνί-

89 2857 161 2899 κων
180 2828 218 2897 δέ
241 2829 295 2896 καί
314 2835 482 2915 Λατίνων,
504 2827 543 2915 ης
561 2827 667 2896 οὐθέν
685 2830 798 2907 αὐτοῖς
816 2839 928 2915 μετῆν,
950 2832 1009 2908 τὰς
1029 2831 1105 2895 δύο·

90 2937 147 3005 καὶ
175 2938 219 3014 ώς
247 2934 326 3003 οὐδὲ
352 2948 421 3014 τοῖς
454 2936 634 3023 δημάρχοις
662 2935 893 3002 ἐναντιωθεῖσι
919 2935 976 3002 καὶ
1002 2958 1105 3023 παρα·
1119 2960 1145 3001 τι

133 3197 136 3203 ,
165 3127 235 3197 Ῑῆν
254 3128 303 3200 ἂν]
323 3127 359 3198 ἣν
378 3125 429 3184 ἐδιν
448 3130 500 3183 ΑΒ
524 3126 560 3196 ἣν
579 3127 654 3182 δινΟ
680 3130 710 3182 οῖ
726 3127 827 3182 Portus
936 3124 1106 3191 3ἒπίλυδας

91 3201 139 3256 Ba
211 3203 323 3271 ὁτρίτη
343 3202 443 3270 μερίδα
461 3200 508 3253 Ba
572 3206 605 3253 10
624 3200 701 3268 τρίτη
720 3200 833 3269 μερίδος
846 3199 895 3252 Ba
912 3197 1106 3270 τριτημορίδος

90 3273 116 3325 Α
151 3277 154 3340 Ι
188 3269 276 3342 ἢοόχ
300 3270 374 3338 ἕξειν
397 3271 440 3326 ὅτι
463 3272 600 3325 δώσουσιν
620 3265 739 3332 έκείνοις
762 3268 845 3340 μέρος
868 3286 922 3324 om.
947 3270 970 3325 Ο
993 3273 1107 3340 praeter

90 3341 171 3398 ABG
259 3348 292 3396 13
310 3342 380 3412 πρὸς
398 3342 433 3411 δὴ
454 3341 476 3396 0
496 3358 564 3396 corr.
585 3340 713 3464 Sylbur{
794 3347 827 3394 14
846 3335 1105 3466 έπιβαλλόρενοςΟ

91 3431 161 3469 corr.
183 3413 305 3482 Sylburg
376 3420 408 3468 21
431 3412 671 3486 σγετ<λι>ώτατου
747 3413 752 3482 1
786 3411 957 3485 <πολί>ταις
1070 3418 1105 3467 24

92 3483 135 3548 οίς
154 3484 243 3540 οόθὲν
262 3485 349 3553 αὐτῆς
367 3501 389 3538 c.
408 3483 552 3553 Kiessling
