2424 3848
105 218 148 282 74
529 221 689 269 -Ζ-

104 378 299 466 σχυομένοις
334 392 401 445 τῶν
432 383 583 464 πενήτων
616 379 787 465 ἐπικουρία
818 401 868 456 τις
898 377 1030 466 ὑπάρχη
1062 376 1115 444 καὶ

102 489 289 572 καταφυγή·
313 487 359 563 ὡς
373 483 410 552 δὲ
423 483 565 571 τάληθὲς
578 482 677 572 εἶχεν,
696 486 921 572 ἐπιβουλεύων
939 494 985 573 τῷ
1004 489 1115 576 κόσμῳ

102 605 159 678 τῆς
177 597 343 670 πολιτείας
360 591 415 658 καὶ
433 595 481 670 είς
499 594 723 678 δημοκρατίαν
741 601 934 678 περιστῆσαι
954 593 995 658 τά
1013 594 1172 678 πράη-ιῖῖι

68 710 189 785 4ματα
207 703 419 784 βαυλόμενος.
451 697 505 764 καλ
525 696 612 765 τοῦτ’
632 702 766 765 ἔπεισαν
780 699 865 784 ἡμᾶς
883 699 919 764 οί
933 700 1116 784 σύμβουλοι

71 830 91 893 ‚⁵
104 809 141 872 τὸ
161 805 294 893 ἀρχεῖον
313 804 407 870 ἐάσαι
425 811 607 891 παρελθεῖν
626 808 673 883 είς
691 807 752 890 την
771 808 870 871 πόλιν
884 803 937 871 ἐπὶ
953 814 999 894 τῷ
1014 815 1115 895 κοινῷ

103 916 369 998 παραγινόμενον
401 921 507 1000 κακῷ,
538 910 593 976 καὶ
621 910 749 997 μάλιστ’
785 909 838 977 ἐπὶ
869 921 914 1001 τῷ
946 914 1030 978 κατὰ
1062 921 1117 996 τῆς

102 1023 227 1103 βουλῆς
244 1022 376 1108 φθόνῳ,
394 1019 511 1102 πολλά,
529 1024 619 1104 είπερ
639 1020 703 1103 άρα
721 1017 903 1103 μέμνησθε,
921 1023 1117 1103 κεκραγότος

103 1125 184 1210 ἐμοῦ
208 1123 263 1190 καὶ
285 1124 536 1212 μαρτυρομένου
560 1127 662 1202 θεούς
683 1148 718 1190 τε
741 1124 797 1191 καὶ
819 1124 1036 1212 ἀνθρώπους,
1067 1126 1116 1192 ὅτι

102 1234 248 1316 πόλεμον
280 1231 444 1317 ἐμφύλιον
472 1233 640 1297 άπαυστον
669 1233 717 1309 είς
746 1233 934 1316 την-πόλιν
962 1231 1116 1317 εἰσάξετε,

63 1364 89 1404 ιο
102 1337 157 1405 καὶ
179 1334 282 1404 πάνθ’
310 1339 372 1403 ὅσα
395 1339 476 1422 ὑμῖν
498 1335 682 1424 προβέβηκε
705 1337 869 1421 λέγοντος.

168 1444 203 1508 L.
240 1448 283 1509 Τί
304 1439 365 1510 οὑν
389 1443 542 1528 ἐποίησεν
562 1446 579 1511 ὑ
599 1447 739 1531 χρηστὸς
753 1445 842 1529 Ιἡμῖν
865 1445 980 1529 δῆμος,
1004 1444 1116 1530 ἐπειδη

101 1549 157 1616 καὶ
183 1551 305 1633 ταύτην
334 1550 422 1637 αὐτῷ
452 1553 701 1635 συνεχωρήσατε
723 1551 785 1634 την
812 1549 932 1636 άρχην;
960 1551 1024 1617 οὐκ
1047 1551 1116 1617 ἐτα-

102 1645 259 1742 μιεύσατο
294 1658 354 1740 την
384 1657 547 1739 τοσαύτην
576 1657 673 1743 χάριν
704 1654 777 1722 οὐδ’
812 1659 930 1741 ἐλαβεν
962 1660 1116 1744 αίσχυνο-

101 1762 208 1848 με’νως
235 1762 339 1846 αὐτὴν
366 1761 421 1827 καὶ
451 1765 648 1848 σωφρόνως,
678 1759 749 1828 ἀλλ’
784 1764 829 1840 ὡς
861 1765 1029 1830 δεδοικόσι
1056 1766 1115 1850 τὴν

62 1889 88 1931 15
103 1872 200 1956 ίσχὺν
223 1869 326 1936 αὑτοῦ
349 1868 404 1934 καὶ
421 1873 658 1956 κατεπτηχόσιν
675 1871 755 1954 ἡμῖν
775 1917 873 1934 .....
892 1873 1003 1936 ἔπειτα
1024 1873 1171 1958 ίεράνῖλλῖ

101 1974 156 2042 καὶ
184 1978 310 2042 άσυλον
338 1977 400 2061 ἔφη
424 1977 496 2041 δεῖν
524 1975 765 2061 ἀποδειχθῆναι
791 1977 853 2060 την
876 1975 982 2062 ἀρχὴν
1005 1977 1117 2064 ὅρκοις

41 2161 44 2166 ¹
102 2083 364 2168 ἐμπεδωθεῖσαν,
391 2087 526 2167 κρείττω
549 2084 648 2166 τιμὴν
672 2084 866 2167 αἰτούμενος
888 2077 927 2165 ἧς
951 2084 1116 2150 δεδώκατε

101 2190 195 2274 ὑμεῖς
217 2201 286 2267 τοῖς
307 2189 453 2266 ὑπάτοις.
499 2189 693 2273 ὑπεμείνατε
711 2187 767 2254 καὶ
787 2199 885 2254 τοῦτο
907 2187 963 2254 καὶ
981 2191 1118 2268 στάντες

103 2293 156 2361 ἐπὶ
178 2306 245 2360 τῶν
268 2298 392 2380 τομίων
410 2293 480 2362 κατ’
504 2294 656 2374 ἐξωλείας
674 2293 800 2361 ἑαυτῶν
819 2319 853 2360 τε
872 2294 1013 2361 καὶτῶν
1037 2296 1117 2364 άπο-

61 2385 213 2500 2ῗονόνων
243 2402 400 2486 ὠμόσατε.
445 2407 480 2468 τί
507 2398 569 2469 οὑν
599 2401 731 2486 ἐποίησε
760 2400 815 2467 καὶ
846 2403 967 2468 τούτου
989 2405 1113 2489 τυχών;

102 2507 176 2573 ἀντὶ
198 2519 258 2573 τοῦ
276 2510 410 2595 χάριτας
427 2508 508 2593 ὑμῖν
531 2508 656 2574 είδέναι
678 2506 733 2574 καὶ
757 2510 872 2586 σώζειν
893 2511 952 2573 τὸν
973 2509 1115 2594 πάτριον

100 2620 227 2700 κόσμον
245 2624 302 2700 τῆς
321 2619 498 2700 πολιτείας,
518 2614 699 2701 ἀρξάμενος
718 2615 782 2680 άπὸ
796 2616 923 2681 τούτων
938 2624 1006 2680 τῶν
1019 2620 1116 2682 πλεο-

70 2779 71 2782 .
99 2722 218 2802 νεξιῶν
247 2721 303 2789 καὶ
332 2724 465 2800 ταύταις
493 2734 564 2799 ταῖς
593 2725 813 2808 παρανομίαις
850 2720 1016 2807 ἀφορμαῖς
1048 2733 1115 2788 τῶν

173 2924 188 2971 6
207 2901 438 2986 παραχένόμενον
457 2914 478 2970 C
496 2913 723 2985 παραγινόμενον
741 2914 767 2966 R
850 2920 866 2968 8
885 2912 1116 2984 μαρτυρουμένου

102 2987 124 3041 O
144 3004 213 3042 corr.
232 2985 337 3040 Reiske
428 2993 460 3040 10
479 2983 636 3058 προβέβηκε
660 2982 788 3055 λέγοντος
811 2984 833 3039 Ο
859 2981 993 3108 ἐκβέβηκε
1016 2983 1118 3056 προλί-

100 3077 199 3127 χοντος
217 3075 240 3112 ο.
260 3057 382 3126 Sylburg
401 3056 561 3130 άποββηκε
580 3060 603 3110 λ.
619 3054 722 3109 Reiske
782 3062 813 3111 11
830 3057 896 3126 ὑμῖν
996 3063 1028 3111 15
1047 3055 1116 3126 ἡμῖν

102 3129 143 3186 ἐτι
161 3133 265 3199 μᾶλλον
285 3124 406 3184 ἐνέκειτο
425 3128 475 3182 καὶ
494 3127 572 3197 ἱερὰν
591 3144 614 3183 ο.
629 3126 781 3194 Κὶεεελὶος,
800 3126 867 3197 ἡμῖν
882 3126 1016 3181 ἀπαντῶν
1036 3125 1117 3197 ἱεράν

100 3199 150 3256 καὶ
168 3216 191 3253 ο.
206 3200 315 3266 Kayser
329 3201 399 3252 Ann.
420 3199 489 3268 phil.
506 3204 574 3252 1868
589 3216 616 3267 p.
632 3204 692 3266 815,
711 3200 778 3267 post
794 3196 862 3267 ἡμῖν
880 3213 904 3252 e.
921 3215 944 3253 ο.
964 3192 1117 3272 ἐνυβρίζων

101 3290 125 3327 ο.
144 3269 256 3339 Reiske,
274 3271 406 3324 lacunam
424 3270 455 3323 in
472 3286 529 3338 qua
546 3268 730 3339 parfiicipium
748 3269 890 3338 quoddam
909 3269 1048 3324 excidisse
1065 3286 1117 3339 pro

101 3343 179 3397 certo
197 3341 297 3410 habeo,
317 3341 442 3396 indicavi
527 3345 561 3394 19
580 3339 649 3412 τ<ι>
672 3340 763 3394 ίωνΒ
797 3343 802 3410 Ι
835 3337 981 3410 προγόνων
1002 3340 1024 3394 0
1044 3342 1118 3396 ἀπο-

100 3413 201 3539 χῖόνιχν,
226 3407 364 3537 ἐπιχόνων
387 3413 433 3468 vel
456 3407 579 3482 ἐχχόνων
603 3427 625 3466 ο,
646 3360 767 3480 ὑχλοοτς
789 3411 823 3467 cf.
844 3410 1015 3480 Grasberger
1038 3411 1117 3468 Τοεε.

128 3502 158 3539 er
178 3501 215 3552 lp.
234 3502 262 3553 p.
297 3491 311 3536 1
