2424 3848
561 181 727 230 „H-

138 338 277 424 Κάσσιε,
295 337 350 404 καί
370 342 411 404 σὺ
427 341 613 427 Οὐεργίνιε,
631 342 671 405 τὰ
689 341 851 426 κεφάλαιά
870 339 938 405 ἐστι
952 349 1012 405 τοῦ
1021 343 1206 425 νόμουςισθ

138 446 176 510 ἓν
199 443 272 530 μέν,
295 447 327 511 εί
345 447 407 532 χρὴ
425 447 488 530 τὴν
507 448 671 531 δημοσίαν
689 456 753 531 γῆν
773 445 843 513 κατ’
866 448 973 532 ἀνδρα
997 447 1157 532 διανεμη-

138 558 258 635 θηναι,
288 549 402 637 ἕτερον
426 550 472 637 δ’,
499 555 531 618 εί
552 555 614 639 χρη
642 551 698 618 καὶ
722 556 891 630 Λατίνους
917 550 972 618 καὶ
995 550 1157 639 Ἕρνικας

102 655 236 743 2μέρος
258 657 359 741 αὐτῆς
381 661 543 742 λαβόντας
565 660 711 744 <ἔχειν>;
735 659 1012 745 ὁμολογησάντων
1036 657 1068 724 δ’
1094 661 1157 726 αὐ-

111 775 218 832 ττών·
248 760 328 830 Εἶεν
358 766 414 849 δη·
447 768 488 831 σὺ
519 764 596 850 μέν,
623 762 731 850 εἶπεν,
759 763 785 832 ώ
813 767 955 849 Κάσσιε,
982 766 1156 853 ἀμφότερα

137 868 227 937 ταῦτ’
260 870 468 957 ἐπιψηφίζειν
496 871 601 951 ἀξιοῖς
626 876 687 939 τὸν
714 875 837 957 δῆμον,
864 876 906 939 σύ
935 869 972 937 δέ
1000 872 1041 955 δὴ
1068 876 1155 961 πρὸς

137 982 241 1062 θεῶν,
264 975 290 1044 ώ
315 980 502 1065 Οὐεργίνιε,
524 977 620 1058 λέξον
642 979 734 1063 ἡμίν,
759 983 881 1065 πότερα
903 979 1049 1064 θάτερον
1073 978 1154 1046 ἀκυ-

138 1095 210 1170 ροῖς
236 1094 298 1178 τῆς
319 1088 471 1151 Κασσίου
498 1087 631 1172 γνώμης
661 1085 760 1171 μέρος
786 1089 824 1152 τὸ
854 1086 936 1150 κατὰ
963 1088 1041 1162 τοὺς
1070 1102 1154 1171 συμ-

138 1193 263 1277 μάχους
286 1191 348 1257 οὐκ
366 1192 519 1276 οἰόμενος
542 1193 614 1256 δεῖν
634 1193 826 1277 ἰσομοίρους
847 1191 928 1275 ἡμῖν
941 1189 1099 1279 Ἕρνικάς
1118 1217 1154 1259 τε

100 1323 125 1362 10
137 1297 193 1367 καὶ
214 1301 381 1376 Λατίνους
403 1308 523 1383 ποιεῖν,
553 1297 573 1382 ἢ
597 1296 652 1364 καὶ
674 1299 820 1383 θάτερον
843 1299 992 1383 <μόνον>
1015 1297 1157 1385 ἀκυροῖς

138 1405 240 1484 ἀξιών
260 1401 339 1471 οὐδὲ
356 1405 438 1489 ἡμῖν
456 1404 569 1481 αὐτοῖς
587 1401 755 1488 διανέμειν
775 1404 815 1470 τά
838 1405 948 1482 κοινάς
973 1403 1068 1470 ταυτὶ
1086 1408 1153 1493 γάρ

103 1511 317 1597 3ἀπόκριναί
332 1535 389 1595 μοι
407 1507 516 1596 μηθέν
537 1509 822 1596 ἀποκρυψάμενος.
867 1512 1017 1589 είπόντος
1036 1508 1074 1576 δὲ
1092 1522 1155 1578 τοῦ

140 1618 341 1703 Οὐεργινίου
367 1626 406 1702 τῇ
436 1620 593 1683 Λατίνων
625 1641 659 1683 τε
691 1615 745 1682 καὶ
773 1616 934 1703 Ἑρνίκων
966 1617 1154 1702 ἀντιλέγειν

139 1725 324 1810 ἰσομοιρίᾳ,
351 1725 388 1788 τὸ
417 1721 455 1789 δὲ
481 1725 562 1789 κατά
590 1727 668 1800 τοὺς
694 1727 845 1807 πολίτας,
874 1726 906 1788 εί
930 1733 1011 1789 πᾶσι
1034 1724 1155 1810 δόξειε,

98 1853 125 1894 15
139 1827 356 1913 διανέμεσθαι
375 1841 571 1916 συγχωρεῖν,
591 1828 786 1914 ἐπιστρέψας
804 1830 822 1896 ὁ
842 1831 1008 1916 δήμαρχος
1027 1832 1075 1908 είς
1092 1835 1154 1898 τὸν

138 1937 239 2021 όχλον
267 1931 371 2001 εἶπεν·
396 1933 486 2001 ’Em
513 1940 629 2002 τοίνυν
657 1938 694 2002 τὸ
718 1932 780 2021 μὲν
803 1935 916 2019 ἕτερον
939 1945 996 2020 τῆς
1018 1939 1153 2022 γνώμης

138 2042 237 2128 μέρος
259 2041 458 2127 ἀμφοτέροις
479 2053 549 2119 τοῖς
570 2043 707 2120 ὑπάτοις
730 2044 896 2127 συνδοκεῖ,
919 2045 957 2108 τὸ
981 2040 1012 2107 δ’
1037 2042 1153 2130 ἕτερον

139 2147 342 2232 ἀντιλέγεται
364 2151 448 2235 πρὸς
470 2146 628 2234 θατέρου,
655 2150 797 2234 ἰσότιμοι
821 2147 852 2214 δ’
879 2147 1073 2235 ἀμφότεροι,
1096 2149 1152 2216 καλ

140 2256 200 2342 οὐχ
224 2247 297 2321 οἷόν
321 2278 355 2320 τε
378 2256 562 2339 βιάσασθαι
585 2254 717 2344 θατέρφ
741 2256 800 2320 τὸν
823 2255 947 2340 ἕτερον,
974 2256 993 2322 δ
1016 2253 1078 2341 μέν
1102 2259 1153 2323 δί-

99 2385 125 2425 εο
139 2365 234 2428 δοται
255 2360 331 2447 παρ’
359 2358 566 2447 ἀμφοτέρων,
589 2363 652 2446 ἤδη
678 2363 842 2447 λάβωμεν,
865 2357 948 2449 ὑπὲρ
972 2359 1013 2428 οὗ
1037 2360 1067 2428 δ’
1090 2363 1153 2448 ἀμ-

102 2473 379 2554 4φισβητούσιν,
416 2467 667 2552 ἀναβαλώμεθα.
727 2467 990 2552 ἐπισημήναντος
1022 2464 1059 2533 δὲ
1090 2481 1152 2537 τοῦ

137 2576 289 2658 πληθονς
312 2575 356 2651 ώς
378 2576 418 2639 τά
440 2574 597 2657 κράτιστα
619 2572 816 2663 ὑποθεμένῳ
839 2572 895 2639 καί
917 2577 1093 2641 καταλύειν
1116 2575 1153 2642 έκ

137 2692 198 2749 τοῦ
218 2666 336 2766 ’νόμον
368 2683 406 2746 τὸ
437 2690 558 2768 ποιοῦν
592 2682 805 2767 διχοστασίαν
837 2679 935 2768 μέρος
967 2681 1151 2768 ἀξιοῦντος,

139 2789 285 2874 ἀπορῶν,
309 2787 327 2852 ό
351 2810 383 2852 τι
405 2788 467 2874 χρη
490 2787 656 2871 πράττειν,
682 2788 700 2853 ὁ
724 2788 871 2866 Κάσσιος
892 2786 949 2853 καὶ
971 2785 1043 2854 οὐτ’
1072 2787 1204 2858 ἀνα-168

99 2917 124 2958 π
137 2895 263 2962 θέσθαι
292 2893 353 2975 την
383 2894 519 2977 γνώμην
549 2894 813 2978 προαιρούμενος
843 2895 919 2960 οὐτε
952 2892 1065 2978 μένειν
1097 2893 1148 2962 ἐπ’

138 3003 241 3085 αὐτῆς
263 2999 551 3084 ἀντιπραττόντων
574 3010 640 3064 τών
665 3000 843 3085 δημάρχων
862 3001 1059 3087 δυνάμενος,
1077 3005 1152 3069 τότε

209 3163 227 3211 4
245 3156 382 3230 λαβόντας
402 3155 424 3211 O
444 3158 541 3281 λαὶείν
560 3155 606 3210 vel
624 3154 762 3229 λαβόντας
781 3154 856 3227 ἔχειν
875 3175 897 3215 c.
918 3156 1040 3227 Sylburg
1119 3166 1152 3214 10

138 3231 226 3300 μόνον
245 3228 310 3283 αδδ,
329 3227 432 3282 Reiske
449 3228 453 3299 Ι
489 3232 585 3296 πυροῖς
606 3227 660 3283 del.
681 3226 782 3282 Gasrer
801 3227 866 3284 Obs.
885 3247 912 3299 p.
929 3236 962 3284 76
1036 3235 1068 3283 11
1088 3230 1153 3284 δια·

137 3301 277 3371 νέμεσθαι
295 3315 318 3355 ο.
337 3298 441 3354 Βθὶελιο
525 3307 557 3352 14
576 3295 654 3364 δόξει
672 3295 810 3370 νέμεσθαι
827 3299 850 3352 Β
934 3306 967 3354 21
988 3300 1154 3373 ἀναβαλλώ-

137 3371 310 3496 ρῘεΙλΙλῙοιθλιΒα
357 3386 360 3435 η
409 3365 654 3440 έπισημηναμένου
678 3386 701 3426 ο.
726 3369 815 3424 Cobet
834 3370 899 3426 Obs.
919 3391 945 3441 p.
966 3377 1026 3440 170,
1046 3373 1097 3426 sed
1116 3373 1153 3432 cf.

77 3572 175 3616 A.
