2424 3848
107 175 171 242 126
528 178 697 229 -Η-

104 337 161 405 καὶ
187 338 352 423 ἡγεμόνας
379 337 564 423 ἀπολέμους
592 333 696 425 εἶχεν,
723 337 741 404 ὁ
770 333 808 403 δὲ
830 338 984 424 Μάρκιος
1012 338 1123 404 αἰτίαν

104 456 236 532 πρῶτον
255 443 337 533 ρ’ἐετο
357 446 430 510 δεῖν
448 444 568 530 εὐσεβῆ
586 442 642 510 καὶ
661 447 794 511 δικαίαν
817 443 1044 530 ἐνστήσασθαι
1061 455 1123 512 τοῦ

103 550 252 636 πολέμου
275 550 455 634 διδάσκων,
478 551 524 627 ὡς
546 549 686 628 ἁπάσαις
708 547 770 635 μὲν
792 550 928 638 πράξεσι
945 549 1024 618 θεοὶ
1043 557 1123 618 συλ-

105 657 323 743 λαμβάνουσι,
346 658 486 743 μάλιστα
510 653 547 722 δέ
570 669 644 735 ταῖς
660 659 743 724 κατὰ
760 656 936 742 πολέμους,
958 657 1028 748 ὅσφ
1052 663 1122 743 μεί-

79 767 182 843 εζους
202 763 241 829 τέ
260 767 325 830 είσι
347 775 415 830 τῶν
437 765 548 830 ἀλλων
566 761 621 830 παλ
640 766 688 841 είς
705 763 851 849 ἀδήλους
867 769 1006 850 φιλοῦσι
1023 787 1123 830 κατα-

106 873 266 955 σνήπτειυ
298 871 409 955 τύχας.
464 870 646 956 ἐτύγχανον
683 867 721 935 δέ
756 873 829 936 τότε
857 868 1030 956 Ἡομαίοις
1065 868 1161 937 καδισι

107 978 333 1055 Οὐολούσκοις
355 976 530 1065 ἐκεχειρίαι
556 987 618 1043 τοῦ
643 975 800 1061 πολέμου,
818 974 874 1042 καλ
897 975 1016 1063 ἀνοχαὶ
1038 979 1124 1063 πρὸς

105 1084 268 1168 ἀλλήλους
300 1079 397 1150 οὖσαι
430 1085 576 1150 σπουδαί
606 1107 641 1148 τε
676 1085 792 1160 διετεῖς
823 1083 924 1172 όλίγφ
956 1086 1122 1170 πρότερον

69 1194 215 1279 3χρόνφ
242 1193 427 1274 γενόμεναι.
471 1187 550 1254 Ἐὰν
577 1186 638 1274 μὲν
666 1184 729 1255 οὐν
756 1187 1015 1275 ἀπερισκέπτως,
1047 1192 1121 1276 ἔφη,

65 1321 91 1360 10
103 1295 159 1364 καὶ
183 1298 238 1361 διὰ
265 1297 385 1380 τοίχους
411 1297 471 1362 τὸν
496 1299 643 1380 πόλεμον
670 1294 842 1383 ἐπιφέρῃς,
869 1305 930 1362 τοῦ
957 1297 1122 1362 λελύσθαι

103 1405 161 1480 τὰς
187 1394 334 1479 σπονδὰς
366 1409 469 1479 αἴτιος
501 1405 559 1488 ἐσχγ
587 1401 643 1468 καὶ
672 1405 709 1468 τὸ
739 1403 916 1487 δαιμόνιον
946 1402 1008 1488 οὐχ
1038 1401 1120 1483 ἕξεις

103 1508 251 1594 εὐμενές·
280 1507 338 1574 ἐάν
367 1505 404 1574 δὲ
431 1513 637 1596 περιμείνῃς,
667 1508 730 1586 ἕως
756 1508 876 1575 ἐκεῖνοι
903 1518 1001 1575 τοῦτο
1025 1511 1119 1593 ποιή-

104 1632 219 1698 σωσιν,
242 1615 430 1699 ἀμύνεσθαι
448 1615 555 1694 δόξεις
572 1614 628 1681 καὶ
646 1614 841 1700 λελυμέναις
858 1617 1024 1693 σπονδαῖς
1041 1619 1119 1701 βοη-

103 1728 190 1786 θεῖν.
235 1721 324 1798 ὅπως
346 1719 377 1786 δ’
400 1721 442 1787 ἀν
460 1733 558 1788 τοῦτο
577 1721 719 1806 γένοιτο,
741 1719 796 1788 καὶ
820 1721 909 1798 ὅπως
929 1720 972 1786 ἀν
995 1721 1118 1788 ἐκεῖνον

64 1849 89 1890 15
103 1824 164 1912 μὲν
191 1827 326 1914 ἀρξειαν
352 1830 617 1915 παρασπονδεῖν,
648 1828 741 1914 ἡμεῖς
771 1825 810 1893 δὲ
837 1827 995 1912 δόξαιμεν
1025 1828 1119 1894 ὅσιον

102 1931 157 1998 καλ
185 1935 316 2000 δίκαιον
343 1933 512 2022 ἐπιφέρειν
538 1937 598 2000 τὸν
628 1939 790 2020 πόλεμον,
822 1934 886 2018 ἐγὼ
920 1937 984 2000 σὺν
1012 1939 1117 2020 πολλή

103 2042 258 2125 φροντίδι
281 2040 456 2127 ἀνεύρηκα.
496 2042 556 2106 ,δεῖ
571 2038 603 2106 δ’
624 2039 683 2126 ὐφ’
704 2041 799 2125 ἡμῶν
817 2041 939 2118 αὐτοὺς
960 2039 1117 2123 ἐξαπατη-

67 2144 225 2222 4δίντας
252 2145 347 2232 ἀρξαι
374 2157 440 2231 τῆς,
458 2151 674 2232 παρανομίας.
720 2146 738 2213 δ
761 2143 800 2211 δὲ
821 2149 943 2232 τρόπος
965 2156 1025 2232 τῆς
1047 2146 1116 2225 ἐξα-

102 2252 215 2336 πάτης,
234 2252 274 2317 δν
293 2251 357 2336 ἐγὼ
371 2252 452 2331 τίως
465 2250 526 2339 μὲν
540 2253 728 2340 ἀπόρρητον
742 2252 927 2338 ἐφύλαττον
941 2251 1115 2338 ἀναμένων

62 2381 89 2422 ιο
102 2361 162 2424 τὸν
189 2361 312 2424 οίκεῑον
340 2359 443 2425 αὐτοῦ
470 2362 604 2443 καιρόν,
632 2368 696 2425 νῦν
723 2356 761 2424 δὲ
784 2370 846 2425 σοῦ
872 2359 1116 2439 σπουδάζοντος

103 2466 202 2551 ἔργον
226 2466 361 2550 ἐχεσδαι
378 2471 503 2532 θᾶττον
521 2464 674 2551 ἐκφέρειν
691 2467 739 2543 είς
761 2464 863 2550 μέσον
882 2465 1116 2551 ἀναγκάζομαι,

101 2573 233 2638 τοιόσδε
255 2571 358 2636 ἐστίν·
382 2574 506 2649 θυσίας
528 2571 689 2637 ἐπιτελεῖν
706 2570 859 2657 Ῥωμαῖοι
883 2569 1044 2656 μέλλουσι
1061 2569 1114 2638 καὶ

68 2710 69 2713 “
101 2677 232 2762 ἀγῶνας
267 2680 362 2762 ἀγειν
397 2678 461 2744 ἀπὸ
497 2683 631 2743 πολλῶν
662 2678 838 2765 χρημάτων
870 2680 1003 2764 σφόδρα
1034 2684 1115 2764 λαμ

100 2787 214 2872 προύς,
236 2784 413 2870 ἀφίξονταί
426 2808 462 2849 τε
479 2787 561 2850 κατὰ
579 2783 664 2850 δέαν
683 2783 736 2850 ἐπὶ
754 2785 893 2862 τούτους
909 2783 1031 2851 πολλοὶ
1048 2796 1113 2852 τῶν

61 2875 214 2991 χῦὅξέυων.
260 2902 380 2958 τοῦτον
407 2890 585 2976 ἀναμείνας
604 2893 672 2956 τὸν
695 2894 818 2976 χρόνον
842 2897 893 2956 ίδι
916 2889 972 2956 καὶ
995 2895 1038 2957 σὺ
1060 2888 1113 2957 καλ

103 2999 326 3065 Οὐολούσκων
354 2999 454 3074 ὅσους
481 2998 625 3063 δύνασαι
656 3001 830 3074 πλείστους
860 2998 1161 3083 παρασκεύασονῐόύ

175 3237 184 3281 1
207 3224 446 3296 ἀπειροπολέμους
460 3243 482 3280 ε.
496 3225 640 3295 Kiessling
693 3232 709 3280 3
728 3223 846 3295 πράξεσι
862 3226 989 3288 δικαίαις
1002 3224 1111 3293 Reium

101 3298 224 3360 ἀπάσαις
242 3298 294 3368 μὲν
311 3305 373 3360 ταῖς
391 3299 515 3359 δικαίαις
533 3295 651 3367 πράξεσι
670 3313 692 3350 ο.
708 3295 797 3350 Οολιθε
815 3294 880 3350 obs.
900 3314 928 3365 p.
945 3301 997 3351 152
1081 3302 1112 3351 12

101 3365 271 3442 ἐπιμένχςΑ
288 3367 535 3458 περιμ<εί>νχςΒ
626 3375 658 3422 13
673 3367 795 3440 δόξχςΑ
824 3371 828 3435 1
857 3373 920 3429 ταῖς
937 3369 1112 3431 σπονδαῖςε.

99 3441 243 3510 Kiessling
316 3446 348 3494 18
369 3441 477 3508 ἀπανης
496 3457 520 3496 ο.
537 3439 682 3508 Kiessling
753 3446 786 3494 21
807 3433 854 3492 ἐπὶ
872 3437 894 3491 0
915 3436 955 3501 είς
973 3438 1080 3495 Reiske

103 3606 175 3628 *-
