2424 3848
531 201 696 251 -H-
860 207 863 226 '
1053 200 1117 264 227

106 363 214 443 μαίων
244 360 351 436 ἱππεῖς
378 358 459 444 <έν>
488 360 576 437 τάξει
603 360 825 443 ἠκολούθουν.
876 359 946 427 ἐπεὶ
974 358 1011 428 δὲ
1037 363 1156 445 πρὸςὶ

106 476 150 554 τῷ
175 465 311 549 ἐρύματι
330 460 426 548 ἦσαν,
450 463 543 549 έτέρα
566 470 692 548 γίνεται
710 467 795 552 μάχη
820 479 886 533 τῶν
905 466 1031 534 ἱππέων
1050 469 1119 535 ἐπι-

105 576 292 656 βαινόντων
315 584 383 649 τοῖς
405 574 696 656 περισταυρώμασι
717 575 800 639 κατά
823 576 929 640 πολλά
952 575 1035 661 μέρη
1058 586 1119 642 τοῦ

105 680 249 764 χάρακος
272 678 361 757 ὀξεῖα
387 677 443 743 καὶ
469 682 699 762 παλίντροπος.
744 678 963 764 πονουμένων
991 679 1029 746 δὲ
1052 693 1119 748 τῶν

100 783 269 869 Ῥωμαίων
299 785 317 850 ὁ
347 785 471 862 ὐπατος
500 786 655 863 κελεύσας
687 798 757 864 τοὶς
778 791 888 866 πεζοῖς
909 788 994 871 ὐλην
1016 805 1118 872 προσ·
1144 809 1158 850 τ

105 891 302 976 ενέγκαντας
320 890 490 976 ἀποχῶσαι
508 893 565 968 τὰς
583 893 741 978 τάφρους,
759 903 889 975 πρῶτος
903 891 1018 978 ἐχώρει
1035 896 1118 960 κατὰ

105 1001 141 1064 τὸ
170 997 326 1081 ἐπίβατον
353 1001 438 1083 έχων
466 1001 543 1075 τοὺς
569 998 724 1082 ἀρίστους
746 1011 812 1065 τῶν
837 995 963 1064 ἱππέων
986 999 1039 1066 ἐπὶ
1061 1003 1119 1078 τὰς

106 1104 312 1189 ἐχυρωτάτας
339 1114 399 1170 τοῦ
426 1105 570 1189 χάρακος
596 1106 716 1181 πύλας·
749 1104 944 1182 ἀναστείλας
976 1103 1014 1170 δὲ
1041 1109 1119 1183 τοὺς

104 1213 168 1294 πρὸ
192 1211 303 1276 αὐτῶν
326 1208 532 1295 μαχομένους
553 1208 610 1275 καὶ
627 1213 706 1287 τούς
725 1210 950 1295 καταρράκτας
967 1222 1034 1277 τῶν
1056 1233 1118 1277 πυ-

104 1323 173 1382 λῶν
198 1315 474 1394 διακόψαςέντὸς
496 1315 642 1401 ἐγεγόνει
664 1327 731 1383 τῶν
754 1316 938 1402 ἐρυμάτων,
963 1315 1019 1382 καὶ
1041 1320 1118 1394 τούς
1132 1343 1159 1384 ιο

105 1423 257 1500 ἐπιόντας
288 1434 355 1488 τῶν
392 1421 558 1508 σφετέρων
590 1427 696 1502 πεζῶν
728 1421 864 1508 ἐδέχετο.
924 1426 1050 1501 Τύλλος
1082 1420 1151 1498 ὐ’8

96 1528 226 1607 ’Ἀττιος
248 1532 333 1614 έχων
355 1532 433 1606 τοὺς
455 1529 760 1614 ἐρρωμενεστάτους
782 1527 837 1595 καὶ
858 1530 1118 1614 εὐτολμοτάτους

108 1637 330 1702 Οὐολούσκων
358 1634 457 1719 ὁμόσε
486 1635 574 1723 αὐτῷ
601 1648 704 1721 χωρεῖ
727 1634 783 1701 καὶ
811 1637 917 1703 πολλὰ
940 1639 1020 1722 ἔργα
1042 1661 1118 1720 γεν-

33 1755 183 1810 1669ναῖα
210 1741 479 1827 ἀποδειξάμενος·
506 1737 549 1825 ἦν
576 1744 639 1827 γάρ
667 1741 852 1828 ἀγωνιστὴς
879 1738 941 1828 μέν
963 1741 1117 1827 πολέμων

106 1847 226 1936 σφόδρ’
247 1851 395 1932 ἄλκιμος,
413 1858 633 1934 στρατηγῆσαι
652 1847 682 1913 δ’
700 1850 761 1935 οὐχ
782 1851 909 1928 ἱκανός·
927 1851 993 1917 ὑπὸ
1011 1853 1117 1917 κόπου
1132 1874 1157 1915 ιτ

106 1981 140 2022 τε
163 1955 219 2022 καὶ
241 1959 392 2040 πλήθους
418 1956 614 2041 τραυμάτων
637 1954 881 2042 καταπονηθεὶς
903 1955 1118 2039 ἀποθνήσκει.

105 2074 172 2129 τῶν
196 2060 225 2128 δ’
254 2065 365 2127 ἀλλων
389 2062 624 2145 Οὐολούσκων,
650 2062 762 2148 ἐπειδὴ
786 2063 804 2129 ὁ
829 2061 931 2149 χάραξ
954 2063 1118 2146 ἡλίσκετο,

106 2173 141 2236 οἱ
161 2167 222 2255 μὲν
235 2169 484 2253 «ἀγωνιζόμενοι
505 2172 748 2253 κατεκόπησαν,
776 2170 812 2235 οἱ
837 2166 876 2235 δὲ
897 2171 938 2236 τὰ
960 2167 1046 2234 ὅπλα
1068 2167 1118 2252 ῥί-

104 2289 227 2356 ψαντες
262 2278 345 2359 πρὸς
381 2276 504 2352 ἱκεσίας
541 2286 608 2341 τῶν
644 2279 893 2361 κεκρατηκότων
925 2275 1117 2361 ἐτράποντο,

105 2385 213 2467 ὀλίγοι
241 2381 281 2448 δέ
304 2406 391 2460 τινες
416 2379 470 2447 έπὶ
492 2383 532 2447 τά
555 2383 659 2448 οἰκεῖα
681 2384 863 2468 φεύγοντες
886 2381 1116 2466 ἀπεσώθησαν.
1130 2405 1157 2445 ιο

106 2489 317 2576 ἀφικομένων
340 2486 369 2554 θ’
398 2490 445 2566 είς
466 2490 527 2573 την
544 2487 670 2573 Ῥώμην
693 2486 856 2573 ἀγγέλων,
884 2488 943 2565 οὐς
970 2485 1151 2559 ἀπίστει-9

106 2602 168 2661 λαν
191 2597 227 2662 οἱ
245 2596 379 2679 ὐπατοι,
407 2599 541 2679 μεγίστη
565 2596 650 2681 χαρὰ
672 2597 731 2661 τὸν
756 2597 866 2678 δῆμον
889 2589 1039 2680 κατέσχε,
1062 2591 1117 2659 καὶ

106 2703 222 2768 αὐτίκα
240 2713 309 2778 τοὶς
327 2697 389 2785 μὲν
402 2708 496 2778 θεοῖς
512 2704 744 2787 χαριστηρίους
762 2700 969 2786 ἐψηφίσαπο
983 2702 1118 2784 θυσίας,

105 2821 174 2886 τοῖς
197 2805 227 2873 δ’
250 2808 387 2886 ὑπάτοις
405 2810 467 2893 την
484 2819 551 2889 τῶν
573 2808 751 2894 θριάμβων
775 2808 875 2892 τιμὴν
897 2807 1117 2892 προσέθεσαν.

107 2915 148 2981 οὐ
170 2914 283 2999 μέντοι
305 2914 366 2998 τὴν
389 2915 493 2997 αὐτήν
510 2910 541 2998 γ’
564 2912 774 3001 ἀμφοτέροις·
798 2913 882 2979 ἀλλὰ
900 2916 1025 3002 Σικκίφ
1044 2908 1117 2997 μέν,
1130 2933 1157 2976 ιτ

107 3020 219 3106 ἐπειδη
239 3024 348 3106 φόβου
367 3024 515 3106 μείζονος
533 3019 799 3107 ἠλευθερωκέναι
818 3017 927 3086 ’ἐδόκει
944 3019 1004 3103 τὴν
1018 3021 1117 3084 πόλιν

180 3257 193 3303 1
215 3243 246 3304 έν
264 3249 328 3304 add.
348 3249 508 3318 Stephanus
589 3254 607 3302 4
623 3245 881 3318 καταπονουμένων
900 3263 923 3301 ο.
943 3244 1033 3300 Oobeb
1051 3243 1116 3300 Obs.

106 3338 133 3390 p.
155 3326 205 3375 168
297 3318 582 3393 8ἀναστ<εί>λαςΒ
672 3325 706 3373 20
730 3323 795 3388 post
818 3313 967 3386 ἐσώθησαν
989 3319 1048 3370 tres
1070 3313 1118 3370 vel

106 3393 242 3516 ηυέιὶἱυοτ
260 3391 373 3446 litterae
393 3407 489 3446 erasae
507 3391 531 3445 B
638 3395 673 3444 24
690 3388 870 3460 προσέθεσαν
885 3388 932 3442 Ba
953 3384 1116 3458 προέθεσαν

903 3546 956 3601 15*
