2424 3848
129 183 174 247 34
277 152 371 221 Ἠ
553 185 715 235 -z—

129 349 213 411 σίων
230 343 407 430 χρημάτων
422 355 515 409 σίτου
534 344 648 427 ὀλίγης
665 343 778 420 αὐτοῖς
791 342 1020 428 ἀπεμπολῆσαι
1036 351 1145 428 τιμῆς,

56 453 59 458 ’
130 451 344 527 διδάσκοντες
371 449 416 527 ὡς
443 449 479 514 ἐκ
505 451 634 516 τούτων
661 449 704 515 άν
731 448 883 534 γένοιντο
913 450 1054 534 μάλιστα
1076 460 1146 516 τῶν

129 561 273 644 χαρίτων
305 556 538 641 ἐπιεικέστεραι
576 558 658 640 πρὸς
693 560 772 633 τοὺς
807 556 971 642 εὐπόρους
1007 557 1044 621 ac
1077 568 1145 622 τῶν

129 667 280 749 πενήτων
295 663 405 750 ὀργαί·
425 663 460 728 οί
476 660 506 727 δ’
525 660 764 748 αὐθαδέστεροι
778 659 834 728 καὶ
853 663 1211 747 όλιγαρχικύτεροιιεσ

103 771 217 857 ιπάση
236 772 409 856 προθυμίᾳ
426 791 460 834 τε
479 766 534 835 καὶ
553 778 683 854 μηχανῇ
701 778 828 835 κακοῦν
846 767 953 858 ᾤοντο
976 771 1050 835 δεῖν
1067 773 1146 846 τοὺς

130 879 330 961 δημοτικοὺς
354 875 410 941 καί
438 877 684 960 συνεβούλευον
707 881 818 960 ’τιμίας
851 876 895 953 ὡς
924 878 972 941 ἔνι
1004 877 1146 960 μάλιστα

129 991 240 1049 ποιεῖν
261 982 373 1059 αὐτοῖς
395 983 453 1059 τάς
475 981 608 1068 ἀγοράς,
635 983 691 1048 ἵνα
715 980 981 1068 σωφρονέστεροι
1004 983 1061 1047 διδ
1082 983 1146 1067 τὴν

129 1083 460 1173 ἀνάγκηνγένοιντο
492 1087 548 1155 καὶ
579 1091 662 1175 πρὸς
692 1090 732 1154 τά
764 1089 864 1154 λοιπὰ
892 1098 950 1173 τῆς
979 1093 1148 1168 πολιτείας

130 1196 241 1262 δίκαια
263 1196 492 1282 νομιμώτεροι.

90 1323 117 1364 ιο
217 1301 308 1368 XXI.
336 1304 471 1368 Τούτων
490 1297 533 1386 ἦν
551 1312 617 1366 τῶν
636 1300 857 1385 ὀλιγαρχικῶν
875 1299 930 1367 καὶ
954 1301 972 1368 ὁ
991 1300 1148 1385 Μάρκιος

131 1408 256 1485 ἐκεῖνος
274 1408 292 1475 ὁ
311 1408 518 1493 Κοριολάνος
536 1405 736 1491 ἐπικληθείς,
759 1406 821 1492 οὐχ
844 1408 954 1489 ὥσπερ
978 1409 1014 1474 οί
1034 1407 1147 1474 λοιποὶ

71 1555 73 1560 -
130 1516 242 1600 κρύφα
264 1511 320 1579 καὶ
344 1510 387 1578 δι’
416 1511 588 1597 εὐλαβείας
615 1515 677 1597 τὴν
700 1511 820 1579 ἑαυτοῦ
842 1515 979 1598 γνώμην
1003 1514 1147 1600 ἀποφαι-

130 1623 286 1704 νόμενος,
317 1616 389 1684 ἀλλ’
421 1621 577 1706 ἀντικρυς
607 1617 663 1713 καὶ
690 1618 858 1703 θρασέως,
890 1621 973 1686 ὥστε
1000 1623 1148 1698 πολλοὺς

131 1725 271 1791 ἀκοῦσαι
293 1722 348 1790 καὶ
370 1736 437 1791 τῶν
461 1716 657 1810 δημοτικόν.
701 1722 768 1812 εἶχε
791 1728 854 1809 γάρ
878 1750 970 1805 τινας
993 1726 1053 1805 ἔξω
1076 1739 1147 1793 τῶν

92 1852 117 1893 ιι
131 1843 254 1899 κοινῶν
277 1831 488 1918 ἐγκλημάτων
516 1831 572 1897 καὶ
596 1834 683 1909 ίδίας
705 1832 887 1918 προφάσεις
908 1831 1028 1899 νεωστὶ
1050 1856 1148 1917 γενο-

131 1936 246 2023 μένας,
275 1938 308 2016 έξ
337 1933 385 2005 ὧν
411 1940 546 2015 είκότως
573 1938 681 2004 ἐδόκει
704 1949 814 2023 μισεῖν
836 1942 914 2016 τοὺς
938 1941 1148 2024 δημοτικούς.

96 2046 292 2114 2ὑπατείαν
319 2046 381 2130 γάρ
410 2044 498 2131 αὐτῷ
521 2049 666 2129 μετιόντι
693 2056 763 2123 ταῖς
791 2048 924 2129 ἔγγιστα
952 2045 1149 2130 γενομέναις

131 2151 354 2237 ἀρχαιρεσίαις
380 2150 435 2216 καὶ
463 2154 540 2227 τούς
566 2155 759 2235 πατρικίους
786 2154 896 2238 ἔχοντι
924 2156 1149 2235 συναγωνιζο-

131 2256 252 2342 μένους
284 2257 302 2323 δ
336 2258 439 2340 δῆμος
471 2255 685 2333 ἐναντιωθεὶς
717 2256 779 2322 οὐκ
810 2264 900 2323 είασε
933 2258 1052 2324 δοῦναι
1083 2260 1148 2342 τὴν

92 2384 118 2424 ιο
131 2362 237 2449 ἀρχὴν
260 2364 321 2446 την
339 2385 373 2427 τε
397 2366 609 2447 λαμπρότητα
631 2372 691 2428 τοῦ
714 2362 838 2449 ἀνδρὸς
859 2361 915 2429 καὶ
937 2365 999 2446 τὴν
1019 2366 1149 2447 τόλμαν

134 2467 177 2534 δι’
195 2469 368 2554 εὐλαβείας
387 2471 482 2554 ἔχων,
501 2471 545 2553 μή
564 2493 596 2534 τι
616 2469 671 2533 διά
684 2478 788 2535 ταῦτα
802 2473 980 2556 νεωτερίση
994 2467 1070 2553 περὶ
1083 2473 1148 2555 τὴν

131 2587 199 2658 τῶν
217 2575 396 2661 δημάρχων
412 2575 605 2657 κατάλυσιν,
622 2573 677 2640 καὶ
696 2575 836 2659 μάλιστα
850 2576 980 2658 δεδιώς,
998 2575 1049 2640 ότι
1066 2593 1204 2644 συν·136

128 2682 319 2765 ἐλάμβανεν
350 2680 439 2767 αὐτῷ
470 2679 559 2767 πάση
591 2684 764 2769 προθυμίᾳ
795 2683 832 2746 τὸ
865 2692 933 2746 τῶν
964 2686 1149 2767 πατρικίων

97 2793 261 2872 3πληθος
288 2787 332 2863 ὡς
355 2784 470 2852 οὐδενὶ
499 2798 566 2852 τῶν
588 2790 760 2872 πρότερον.
806 2789 926 2872 ταύτης
948 2783 975 2852 τ’
1003 2783 1066 2853 οὐν
1088 2799 1149 2873 τῆς

91 2915 118 2956 ιι
131 2895 260 2978 ὕβρεως
282 2894 364 2979 ὀργῇ
388 2891 544 2978 ἐπαρθεὶς
566 2894 585 2960 δ
608 2893 692 2979 ἀνὴρ
715 2891 770 2958 καὶ
792 2893 854 2976 τὴν
876 2894 1063 2978 μεταβολὴν
1084 2905 1148 2962 τοῦ

132 3001 370 3084 πολιτεύματος
396 3001 444 3076 είς
468 3001 527 3064 τὸν
551 2997 583 3076 ἐξ
608 2999 710 3085 ἀρχῆς
731 3002 858 3084 κόσμον
880 2999 1147 3084 ἀποκαταστῆσαι

132 3108 411 3191 προθυμούμενος
438 3105 536 3182 αὐτός
558 3102 587 3170 τ’
614 3105 826 3190 ἀναφανδόν,
856 3107 965 3192 ὥσπερ
988 3104 1044 3171 καὶ
1066 3110 1148 3192 πρό-

132 3235 229 3297 τερον
257 3215 358 3297 έφην,
389 3214 525 3297 ἔπραττε
552 3213 613 3296 τὴν
640 3222 701 3278 τοῦ
723 3214 836 3297 δήμου
862 3213 1061 3298 κατάλυσιν,
1091 3213 1148 3278 καὶ

206 3367 328 3422 Ιόλίι
284 3389 343 3438 γιος
361 3372 386 3423 Α
463 3375 496 3422 22
516 3370 616 3432 δεδιὼς
635 3369 689 3426 del.
709 3370 831 3426 Reudler
850 3369 940 3424 Τίτου.
959 3387 987 3439 p.
1004 3377 1035 3424 51
1111 3377 1147 3424 24

134 3439 246 3494 οὐδενὶ
265 3389 300 3491 By
312 3442 316 3510 λ
335 3459 478 3511 προτερον
498 3458 521 3495 ο
539 3439 685 3510 Kiessling
