2424 3848
100 149 164 214 178
521 149 688 198 -H-

98 313 156 389 τὰς
186 309 259 395 ἑξῆς
291 308 415 394 ἐχώρει.
462 306 634 392 Ἀλβιήτας
671 302 732 390 μέν
764 301 827 372 οὖν
860 305 915 373 καλ
942 309 1119 391 Μογιλλα-

99 421 180 496 νοὺς
202 415 239 482 ἐκ
256 417 464 502 τειχομαχίας
482 415 580 500 αίρεῖ,
602 416 860 498 ’χχωριελανοὺς
881 409 918 478 δέ
935 409 1014 478 καθ’
1039 413 1120 498 ὁμο-

64 527 213 608 3λογίας
239 522 498 610 παραλαμβάνει.
549 523 728 605 γενόμενος
758 514 788 587 δ’
820 519 858 586 ἐν
883 517 1022 606 ἡμέραις
1047 543 1121 607 τρι-

100 630 222 697 άκοντα
245 633 375 696 πόλεων
398 626 477 693 ἑπτά
499 628 614 715 κύριος
631 621 711 710 ἧκεν
732 624 786 692 ἐπὶ
803 627 864 711 τὴν
878 624 1007 711 Ῥώμην
1025 627 1122 710 άγων

72 739 186 802 επολὺ
213 739 315 802 πλείω
339 733 496 822 στρατιάν
518 741 575 817 τῆς
597 730 758 818 προτέρας
779 730 835 798 καὶ
858 735 1015 812 σταδίους
1037 733 1122 801 άπο-

100 845 189 930 σχὼν
216 851 273 927 τῆς
302 844 428 918 πόλεως
451 840 553 927 ὀλίγφ
576 842 710 916 πλείους
736 850 804 906 τῶν
827 839 1006 924 τριάκοντα
1028 841 1122 928 παρά

99 950 161 1034 την
175 948 229 1015 ἐπὶ
242 949 456 1024 Τυσκλανοὺς
468 944 639 1032 φέρουσαν
654 945 736 1012 ὁδὸν
747 946 1122 1032 κατεστρατοπέδευσεν.

101 1053 138 1119 ἐν
161 1047 187 1142 95
212 1051 250 1119 δέ
272 1055 329 1131 τάς
347 1056 503 1119 Λατίνων
522 1049 630 1139 ἐξῄρει
653 1075 688 1117 τε
710 1051 766 1118 καὶ
788 1054 973 1139 προσήγετο
994 1056 1122 1138 πόλεις,

38 1168 45 1189 ¹
95 1159 267 1247 Ῥωμαίοις
293 1163 377 1247 πρὸς
402 1161 461 1237 τάς
488 1158 643 1242 ἐπιταγάς
670 1160 773 1226 αὐτοῦ
800 1161 907 1226 πολλά
934 1163 1159 1244 βουλευσα-ιοε

61 1292 87 1331 10
101 1266 215 1352 μένοις
244 1265 336 1345 ἐδοξε
367 1263 470 1351 μηδὲν
501 1265 639 1345 ἀνάξιον
661 1278 772 1332 ποιεῖν
794 1275 852 1351 τῆς
873 1269 1014 1351 πόλεως,
1044 1263 1117 1333 ἀλλ’

102 1373 161 1440 ἐάν
188 1370 249 1458 μὲν
276 1371 469 1439 ἀπέλθωσιν
496 1371 607 1437 αὐτῶν
637 1371 674 1437 ἐκ
695 1380 754 1456 τῆς
776 1372 885 1459 χώρας
909 1373 1121 1440 Οὐολοῦσκοι

101 1477 156 1544 καί
182 1489 240 1563 τῆς
266 1490 334 1544 τῶν
361 1478 543 1564 συμμάχων
569 1501 604 1543 τε
626 1475 682 1544 καὶ
704 1478 861 1564 ὑπηκόων
887 1482 993 1564 [γῆς],
1020 1477 1120 1564 <καλ>

101 1585 365 1668 καταλυσάμενοι
388 1587 447 1651 τὸν
465 1587 610 1670 πόλεμον
628 1583 782 1671 πρέσβεις
802 1584 1023 1652 ἀποστείλωσι
1042 1588 1121 1663 τοὺς

81 1751 82 1755 ,
102 1689 356 1775 διαλεξομένους
372 1689 447 1778 περὶ
465 1695 589 1776 φιλίας,
606 1696 852 1777 προβουλεῦσαι
870 1695 907 1759 τὸ
928 1691 1122 1792 συνέδριον,

63 1819 89 1860 15
103 1793 154 1882 ἐφ’
182 1788 232 1874 οἷς
261 1799 393 1863 ἔσονται
423 1799 564 1875 δικαίοις
594 1801 706 1883 φίλοι,
737 1796 793 1864 καὶ
822 1800 862 1864 τά
889 1797 1122 1884 βουλευθέντα

102 1906 149 1981 είς
176 1905 234 1969 τὸν
258 1905 365 1989 δῆμον
393 1903 587 1988 ἐξενεγκεῖν·
615 1903 677 1982 έως
704 1899 735 1970 δ’
761 1905 804 1972 άν
826 1905 864 1971 ἐν
886 1914 926 1991 τῇ
948 1907 1044 1994 χώρᾳ
1066 1905 1124 1990 μέ-

101 2033 217 2087 νοντες
240 2010 349 2076 αὐτῶν
367 2008 507 2076 καὶτῶν
526 2010 708 2094 συμμάχων
727 2014 808 2098 ἔργα
832 2012 1000 2098 πράττωσι
1023 2018 1123 2079 πολε-

67 2115 200 2202 4μίων,
223 2112 333 2201 μηθὲν
355 2115 468 2194 αὐτοῖς
489 2119 693 2201 ψηφίζεσθαι
716 2119 969 2204 φιλάνθρωπον.
1015 2123 1123 2198 πολὺς

103 2224 167 2306 γδιρ
191 2224 232 2306 δὴ
251 2221 422 2308 Ῥωμαίοις
439 2220 491 2288 άελ
509 2226 608 2306 λόγος
630 2233 690 2289 τοῦ
714 2221 823 2309 μηθέν
846 2226 971 2310 δρᾶσαί
989 2223 1063 2291 ποτ’
1088 2224 1122 2304 ἐξ

64 2352 90 2392 ω
105 2328 321 2413 ἐπιτάγματος
352 2326 436 2413 μηδὲ
468 2331 563 2418 φόβφ
595 2333 763 2415 πολεμίων
794 2328 955 2415 εἴξαντας,
988 2347 1124 2397 σπεισα-

104 2432 217 2520 μένοις
234 2431 272 2499 δὲ
290 2445 359 2511 τοῖς
378 2436 551 2521 διαφόροις
568 2432 625 2500 καὶ
638 2445 866 2521 παρασχοῦσιν
880 2433 1021 2516 ἑαυτοὺς
1038 2437 1124 2523 ὑπη-

103 2545 204 2619 κόους
230 2545 426 2627 χαρίζεσθαί
449 2564 484 2606 τε
511 2539 566 2607 καὶ
590 2539 775 2646 ἐπιτρέπειν
798 2542 878 2608 ότου
901 2541 1034 2610 δέοιντο
1054 2537 1124 2611 τῶν

104 2651 256 2734 μετρίων.
296 2645 351 2713 καὶ
370 2657 467 2714 τοῦτο
485 2650 523 2714 τὸ
547 2651 702 2734 φρόνημα
726 2647 763 2714 ἐν
784 2653 921 2726 πολλοῖς
942 2647 999 2715 καὶ
1023 2651 1124 2735 μεγά-

105 2761 176 2832 λοις
202 2754 375 2831 κινδύνοις
401 2754 614 2840 φυλάττουσα
637 2754 657 2838 ἡ
680 2758 775 2833 πόλις
797 2756 880 2822 κατά
901 2778 936 2821 τε
959 2759 1039 2835 τοὺς
1062 2756 1123 2822 όθ·

63 2883 90 2924 ει
103 2866 216 2939 νείους
244 2858 300 2926 καὶ
326 2864 405 2938 τοὺς
432 2860 614 2947 ἐμφυλίους
640 2859 806 2946 πολέμους
833 2861 928 2951 μέχρι
956 2874 1017 2931 τοῦ
1040 2859 1119 2930 καθ’

104 2969 190 3054 ἡμᾶς
211 2970 335 3054 χρόνου
360 2965 570 3033 διατετέλεκε.

177 3125 345 3197 1άλβίητας
363 3125 416 3178 ΑΒ
433 3124 608 3198 Λαβινιάτας
627 3142 650 3179 c.
671 3124 793 3195 Sylburg
826 3126 830 3194 Ι
865 3127 1080 3195 μοσεγιλαίνονς
1097 3127 1123 3180 A

105 3196 284 3267 μογιλαινοὺς
302 3195 352 3250 ΒΟ
425 3203 440 3250 2
460 3198 646 3266 χωριελανοὺς
664 3196 687 3251 Ο
706 3196 896 3266 Κοριολανοὺς
915 3213 938 3252 ο.
960 3196 1123 3268 Stephanus

107 3275 122 3322 7
141 3266 328 3329 τονσκλάνους
345 3267 371 3320 Α
462 3274 494 3321 12
513 3275 564 3337 γῆς
588 3268 642 3323 del.
662 3267 785 3323 Reudler
804 3267 896 3323 Τίτου.
915 3267 977 3322 orit.
997 3287 1027 3339 p.
1047 3275 1083 3326 66
1117 3269 1121 3341 Ι

106 3338 155 3392 καί
174 3341 239 3392 ante
258 3337 482 3408 καταλυσάμενοι
501 3339 564 3396 add.
584 3337 686 3394 Portus
738 3344 775 3393 20
790 3337 994 3409 σπεισαμένους
1007 3341 1034 3394 Α
1089 3347 1123 3396 23

107 3405 137 3464 έν
151 3415 209 3472 τοῖς
222 3409 367 3472 πολλοῖςΟ
381 3411 525 3478 ΡτασῖθεΒ
581 3417 615 3465 26
630 3407 862 3483 διατετέλεκε<ν>
872 3412 905 3464 ut
919 3411 1124 3480 saepissimeB
