2424 3848
545 179 713 227 ..Η-

121 341 186 406 ύπό
215 339 255 404 τά
283 339 451 423 κάμνοντα
473 345 531 421 τῆς
553 339 724 422 φάλαγγος
746 337 907 402 ὑπελθεῖν
931 331 1031 421 μέρη,
1060 338 1141 415 τοὺς

122 442 160 511 δέ
186 448 387 531 τραυματίας
415 443 470 510 καὶ
498 447 576 520 τοὺς
606 443 821 528 ἀπειρηκότας
853 443 957 508 ὀπίσω
986 451 1045 526 τῆς
1076 444 1142 528 φά-

122 558 244 636 λαγγος
261 550 402 616 ἀπιέναι.
440 551 476 616 οί
492 547 523 616 δ’
536 549 689 636 Ἕρνικες
707 551 752 628 ὡς
770 552 899 634 ἔμαθον
917 549 1143 634 κινουμένους

121 659 232 724 αὐτῶν
259 661 338 735 τοὺς
367 660 486 743 λόχους
518 665 627 741 φυγῆς
653 653 829 743 τ”άρχειν
857 658 935 733 τοὺς
957 654 1141 741 Ῥωμαίους

96 762 307 847 ιύπέλαβον,
333 761 388 829 καὶ
411 762 734 849 παρακελευσάμενοι
758 761 913 845 ἀλληλοις
936 760 1142 846 ἐμβάλλουσι

120 882 259 948 πυκνοῖς
291 882 360 948 τοῖς
388 873 499 956 λόχοις
526 871 573 946 είς
599 869 640 934 τά
667 870 848 954 κινούμενα
875 880 942 935 τῶν
969 872 1142 953 πολεμίων

121 975 219 1063 μέρη,
248 976 304 1043 καὶ
333 978 368 1043 οί
393 977 587 1063 ἀκραιφνεῖς
615 986 682 1040 τῶν
705 973 874 1060 Ῥωμαίων
904 974 1058 1053 ἐπιόντας
1082 975 1142 1040 αύ-

63 1111 66 1117 ·
120 1087 200 1160 τοὺς
227 1083 393 1169 δέχονται·
422 1081 477 1149 καὶ
503 1077 546 1167 ῆν
574 1075 675 1158 αὖθις
703 1080 735 1161 ἐξ
763 1081 913 1168 ὑπαρχῆς
940 1080 1142 1168 ἀμφοτέρων

121 1188 276 1275 ἐκθύμως
298 1187 551 1274 ἀγωνιζομένων
575 1189 661 1274 μάχη
685 1188 839 1274 καρτερά·
869 1186 925 1279 καὶ
953 1189 1016 1274 γάρ
1040 1187 1141 1272 <καλ>

81 1298 157 1362 10οί
191 1308 256 1362 τῶν
295 1295 454 1383 Ἑρνίκων
493 1294 733 1381 ἐξεπληροῦντο
767 1298 860 1381 λόχοι
892 1306 963 1372 τοῖς
984 1293 1142 1379 ,ἀκμῆσιν

119 1402 409 1492 ὑποπεμπομένοις
436 1404 483 1478 είς
511 1403 551 1466 τδι
582 1402 751 1486 κάμνοντα
773 1402 839 1468 ὑπὸ
863 1412 931 1467 τῶν
953 1401 1141 1486 ἡγεμόνων.

84 1519 106 1580 4
121 1509 233 1593 ἐπειδὴ
253 1506 291 1574 δέ
309 1507 385 1593 περὶ
404 1510 518 1592 δείλην
537 1508 638 1587 ὀψίαν
656 1503 699 1591 ῆν
718 1510 794 1592 ῆδη,
812 1506 1043 1594 παρακαλέσας
1060 1513 1204 1588 τοὺςιοσι

122 1618 229 1691 ίππεῖς
252 1617 270 1682 ὁ
292 1615 416 1691 ὕπατος
438 1612 516 1680 νυνὶ
538 1613 626 1698 <δῆ>
645 1615 770 1699 ἀνδρας
793 1614 944 1698 ἀγαθούς
967 1611 1141 1702 γενέσθαι,

104 1719 275 1804 ,ἐμβάλλει
303 1733 373 1796 τοῖς
398 1722 568 1803 πολεμίοις
599 1721 682 1785 κατά
709 1722 746 1785 τὸ
776 1719 887 1798 δεξιὸν
914 1718 1012 1806 κέρας
1039 1721 1141 1799 αὐτὸς

81 1851 106 1891 15
120 1827 305 1910 ἡγούμενος
326 1835 385 1910 τῆς
408 1831 487 1910 ίλης.
534 1827 570 1892 οἱ
586 1822 620 1891 δ”
641 1825 756 1910 ὀλίγον
775 1827 848 1892 τινά
868 1825 1042 1911 δεξάμενοι
1062 1832 1140 1914 χρό-

119 1956 181 1999 νον
213 1933 334 2009 αὐτοὺς
366 1931 573 2017 ἐγκλίνουσι,
605 1930 661 1997 καὶ
693 1937 819 2016 γίνεται
851 1936 955 2019 φόνος
988 1932 1140 2000 ἐνταῦθα

119 2040 232 2116 πολύς.
277 2040 315 2104 τό
339 2036 400 2124 μέν
423 2033 487 2106 οὖν
506 2039 615 2118 δεξιὸν
635 2050 701 2104 τῶν
720 2037 882 2126 Ἑρνίκων
903 2037 1001 2125 κέρας
1025 2039 1140 2131 ἐπόνει

119 2143 146 2210 τ’
178 2146 242 2230 ῆδη
273 2144 328 2210 καὶ
358 2144 499 2225 ἐξέλειπε
527 2147 589 2230 τῆν
617 2145 726 2230 τάξιν,
756 2149 793 2212 τὸ
823 2144 853 2211 δ’
885 2147 1061 2230 εὐώνυμον
1090 2150 1140 2213 ἔτι

120 2251 248 2337 ἀντεῖχε
270 2250 326 2317 καὶ
348 2261 467 2337 περιῆν
494 2261 554 2317 τοῦ
573 2249 742 2336 Ῥωμαίων
771 2251 895 2330 δεξιοῦ·
924 2250 993 2338 μετ’
1021 2253 1139 2337 ὀλίγον

80 2346 232 2459 ,ὖομέντοι
256 2356 311 2423 καὶ
329 2357 419 2424 τοῦτ’
443 2356 613 2424 ἐνέδωκεν.
660 2359 677 2425 ὁ
697 2360 760 2444 γάρ
776 2355 948 2436 Ἀκύλλιος
968 2362 1048 2437 τοὺς
1066 2358 1139 2445 ἀρί

121 2481 219 2541 στους
246 2476 312 2530 τῶν
336 2464 423 2530 νέων
446 2463 650 2549 ἐπαγόμενος
676 2468 881 2550 παρεβοῆθεί
909 2464 1004 2531 κάκεῖ
1032 2487 1140 2552 παρα-

119 2572 302 2657 θαρρύνων
325 2594 359 2636 τε
382 2569 437 2636 καὶ
465 2569 498 2648 ἐξ
527 2569 689 2655 ὀνόματος
713 2570 889 2637 ἀνακαλῶν
912 2574 990 2649 τοὺς
1017 2575 1139 2640 είωδό-

119 2702 177 2754 τας
200 2676 236 2743 ἐν
259 2687 331 2755 ταῖς
353 2676 433 2763 πρὶν
456 2677 642 2763 ἀριστεύειν
666 2677 797 2762 μάχαις,
819 2678 859 2743 τά
876 2701 911 2743 τε
933 2690 1052 2764 σημεῖα
1070 2691 1139 2746 τῶν

120 2786 241 2868 λόχων,
269 2784 342 2850 ὅσοι
366 2785 409 2868 μῆ
433 2783 628 2870 ἐρρωμένως
651 2782 793 2849 ἐδόκουν
815 2783 1021 2869 ἀμύνεσθαι,
1048 2787 1139 2872 παρά

80 2920 106 2960 νε
120 2901 187 2956 τῶν
215 2894 448 2977 σημειοφόρων
476 2889 629 2976 ἁρπάζων
659 2893 707 2968 είς
738 2888 860 2975 μέσους
887 2888 1032 2978 ἐρρίπτει
1058 2895 1140 2970 τοὺς

118 2999 310 3081 πολεμίους,
338 2998 393 3062 ἵνα
416 2999 453 3062 τὸ
478 2995 553 3072 δέος
576 2996 697 3073 αύτούς
718 3005 776 3079 τῆς
799 2995 944 3081 ἐννόμου
966 3002 1139 3085 τιμωρίας,

120 3105 152 3167 εί
174 3105 217 3187 μῆ
237 3102 465 3169 ἀνασώσαιντο
484 3104 543 3180 τάς
562 3106 713 3187 σημαίας,
736 3104 861 3190 ἀνδρας
879 3102 1031 3186 ἀγαθούς
1050 3100 1139 3171 εἶναι

192 3303 207 3350 3
227 3297 344 3352 ἀπεῖναι
363 3297 414 3350 ΑΒ
511 3302 526 3350 9
545 3295 595 3350 καλ
613 3295 678 3352 add.
697 3294 802 3350 Reiske
898 3301 931 3350 13
951 3299 1020 3351 νυνί
1035 3317 1067 3367 γε
1090 3298 1139 3353 vel

120 3366 380 3492 χχχῆοῗῆΑδγλόαι·ς
466 3374 499 3422 19
515 3365 651 3438 Ῥωμαίου
672 3366 694 3421 Ο
715 3384 784 3423 corr.
804 3366 925 3437 Sylburg
1011 3375 1045 3423 22
1066 3369 1140 3424 ἀπο-
