2424 3848
525 207 691 257 -Η-’
834 234 842 247 ·
1053 203 1115 270 185

94 364 156 434 καὶ
174 366 296 450 λεπτην
319 365 436 431 ίλπίδα
453 367 730 451 καταπεφεύγατε,
754 361 780 431 ὦ
801 366 977 453 Οὐαλερία,
999 367 1060 451 τὴν
1083 365 1117 446 ἐξ

96 473 197 558 ἡμῶν
219 482 286 538 τῶν
309 471 441 538 ἀθλίων
462 482 632 555 γυναικῶν
654 477 833 558 βοήθειαν,
861 465 913 553 αἷς
934 474 955 558 ἡ
978 469 1041 559 μέν
1064 475 1118 540 εύ-

97 603 180 646 υοια
207 578 228 663 ἡ
255 580 338 666 πρὸς
365 578 425 663 τὴν
454 580 597 665 πατρίδα
619 578 757 665 πᾶρεστι
779 578 895 647 καὶτὸ
917 568 1032 647 θέλειν
1056 582 1119 647 σώ-

100 691 219 768 ζεσθαι
241 687 320 763 τοὺς
341 689 489 772 πολίτας,
517 676 587 752 οίοί
610 684 692 752 ποτέ
712 688 814 773 είσιν,
841 687 862 772 η
891 683 921 753 δ’
949 688 1042 773 ίσχὺς
1064 684 1119 753 καὶ

99 796 141 860 τὸ
166 793 335 860 δύνασθαι
356 804 466 859 ποιεῖν
490 793 511 859 ἄ
538 791 683 878 θέλομεν
706 795 853 860 ἄπεστιν.
898 776 1159 891 ἄπέστραπταιᾶ5

102 901 169 986 γᾶρ
196 899 296 985 ἡμᾶς,
324 894 350 964 ὦ
375 895 556 985 Οὐαλερία,
583 899 752 986 Μάρκιος,
779 897 813 977 ἐξ
841 893 883 966 οὐ
909 902 972 985 τὴν
999 902 1120 986 πικρδιν

104 1006 238 1092 ἐκείνην
261 1007 279 1073 ὁ
304 1007 407 1091 δῆμος
436 1006 540 1073 αὐτοῦ
566 1003 713 1089 κατέγνω
742 1008 855 1090 δίκην,
882 1004 938 1071 καὶ
964 1009 1122 1093 μεμίσηκε

104 1114 166 1199 τὴν
198 1114 308 1180 οίκίαν
338 1113 420 1197 ὅλην
445 1113 512 1197 ἄμα
541 1120 580 1198 τῇ
609 1113 758 1198 πατρίδι*
788 1120 886 1178 τοῦτο
917 1109 946 1178 δ’
972 1112 1054 1197 ὑμῖν
1081 1114 1121 1181 οὐ

105 1217 182 1306 παρ’
206 1221 311 1286 ἄλλον
328 1221 431 1302 τινός,
451 1216 535 1285 ἀλλὰ
553 1215 631 1304 παρ’
653 1220 758 1285 αὐτοῦ
775 1220 934 1304 Μαρκίου
952 1226 1123 1303 μαθοῦσαι

107 1325 218 1411 λέγειν
245 1328 372 1412 ἔχομεν.
423 1325 477 1391 ὅτε
509 1325 573 1411 γᾶρ
601 1323 703 1402 ἁλοὺς
721 1325 789 1410 ,τὴν
817 1326 914 1409 δίκην
941 1319 1047 1410 ἦλθεν
1075 1327 1122 1404 είς
1136 1347 1162 1388 ιο

107 1434 167 1518 την
180 1433 291 1499 οίκίαν
303 1435 577 1518 προπεμπόμενος
594 1431 660 1498 ὐπὸ
675 1442 743 1515 τῶν
757 1429 910 1517 ἑταίρων,
927 1433 1122 1519 καταλαβὼν

107 1539 193 1626 ἡμᾶς
213 1537 405 1625 καθημένας
428 1538 466 1605 έν
487 1541 664 1624 πενθίμοις
685 1539 831 1627 τρύχεσι,
855 1540 1022 1625 ταπεινᾶς,
1044 1565 1123 1629 κρα-

28 1648 228 1724 160οτούσας
255 1645 293 1712 έν
320 1656 391 1723 τοϊς
416 1649 535 1729 γόνασι
562 1646 602 1711 τὰ
629 1643 727 1711 τέκνα
755 1646 858 1713 αὐτοῦ
887 1648 1066 1725 στενούσας
1087 1671 1123 1714 τε

109 1746 163 1821 οία
195 1753 283 1829 είκὸς
314 1749 369 1819 καί
401 1749 662 1837 ἀνακλαιομένας
697 1753 759 1838 τὴν
795 1752 1004 1833 καθέξουσαν
1039 1754 1124 1840 ἡμᾶς

108 1863 212 1948 τύχην
235 1855 434 1944 στερομένας
456 1856 597 1942 ἐκείνου,
627 1858 706 1935 στδις
728 1861 847 1945 μικρὸν
871 1861 1007 1927 ἄπωθεν
1029 1861 1123 1947 ἡμῶν
1137 1879 1163 1921 15

109 1969 256 2055 ἄδακρυς
274 1967 384 2051 ὥσπερ
403 1968 500 2041 λίθος
517 1962 572 2029 καὶ
592 1962 721 2050 ἀτενής·
746 1970 891 2051 Οίχεται,
908 1969 1024 2052 φησίν,
1041 1967 1123 2053 ύμῖν
1138 1971 1159 2034 3

108 2073 278 2162 Μάρκιος,
306 2067 332 2136 ὦ
356 2079 457 2156 μῆτερ
480 2071 547 2155 ἄμα
569 2067 625 2136 καί
653 2071 711 2155 σύ,
739 2066 765 2137 ὦ
791 2071 1017 2157 Οὐολουμνία,
1045 2097 1124 2161 κρα-

108 2180 200 2264 τίστη
221 2189 402 2263 γυναικῶν,
425 2174 614 2255 ἐξελασθεὶς
631 2176 698 2244 ὑπὸ
716 2188 784 2244 τῶν
801 2183 958 2263 πολιτῶν,
981 2178 1032 2245 ὅτι
1050 2203 1123 2264 γεν-

108 2297 202 2364 ναῖος
229 2279 272 2370 ἄν
299 2282 354 2350 καί
380 2287 556 2369 φιλόπολις
582 2281 638 2349 καί
664 2286 809 2361 πολλοὺς
836 2275 1013 2370 ὑπέμεινεν
1041 2282 1123 2372 ὑπὲρ

108 2402 166 2478 τῆς
194 2393 354 2476 πατρίδος
380 2389 519 2473 ἀγῶνας.
565 2384 638 2455 ἄλλ’
664 2391 709 2467 ὡς
730 2389 847 2479 πρέπει
869 2390 1021 2475 γυναιξὶν
1045 2387 1174 2477 ἄγα-το

109 2505 199 2582 θαϊς,
225 2497 312 2564 οὕτω
336 2493 452 2585 φέρετε
474 2496 533 2573 τὰς
555 2497 728 2582 συμφορὰς
751 2492 856 2583 μηδὲν
879 2499 1029 2583 ἄσχημον
1051 2522 1124 2566 ποι-

111 2613 209 2672 οῦσαι
236 2599 320 2688 μηδὲ
347 2599 498 2687 ἀγεννές,
525 2599 580 2667 καί
603 2603 642 2668 τὰ
665 2604 780 2668 παιδία
803 2612 905 2669 ταῦτα
927 2606 1124 2690 παραμύθια

110 2720 170 2797 τῆς
191 2709 270 2795 ἐμῆς
298 2708 433 2796 ἐρημίας
458 2711 593 2795 ἔχουσαι
615 2705 750 2796 τρέφετε
773 2706 871 2786 ἄξίυς
893 2707 989 2793 ὑμῶν
1011 2733 1046 2775 τε
1068 2710 1125 2777 καὶ

111 2812 326 2901 τοῦγένους·
354 2806 405 2892 οἷς
429 2812 505 2881 θεολ
528 2816 620 2881 δοῖεν
643 2815 690 2891 είς
712 2816 836 2900 ἄνδρας
859 2813 999 2880 ἐλθοῦσι
1021 2816 1125 2902 τύχην

37 2920 172 3009 1601μέν
193 2925 364 3009 κρείττονα
386 2929 447 2987 τοῦ
468 2924 603 3006 πατρός,
625 2919 746 3007 ἄρετην
769 2917 873 3006 δὲμὴ
896 2924 1043 3007 χείρονα·
1068 2921 1164 2989 καλιε

111 3033 249 3117 χαίρετε.
299 3025 482 3115 ἀπέρχομαι
512 3029 576 3114 γὰρ
604 3029 668 3112 ἤδη
685 3027 889 3113 ικαταλιπὼν
921 3028 981 3112 τὴν
1014 3025 1124 3094 οὐκέτι

183 3264 199 3314 8
218 3257 270 3328 τὴν
288 3257 427 3326 δύστηνον
451 3253 543 3310 οίκίαν
561 3255 588 3309 A
696 3262 711 3310 9
730 3258 876 3326 μαθοῦσαι
898 3251 988 3324 λέγειν
1012 3255 1076 3312 add.
1100 3255 1124 3309 B

112 3333 146 3383 10
163 3335 197 3398 τῆ
216 3330 282 3398 δίκη
300 3327 377 3382 ABb
405 3326 476 3399 τὴνίί
497 3327 593 3399 δικτγγί
609 3325 656 3381 Ba
746 3333 777 3381 11
798 3321 1000 3402 ἕτ<αι>ρανΒ
1091 3334 1123 3382 12

112 3397 278 3470 καθημένας
297 3398 361 3455 add.
381 3399 404 3453 B
483 3404 516 3452 14
535 3394 766 3469 ἀνακαλουμένας
785 3398 808 3454 Ο
828 3415 897 3457 corr.
916 3398 1017 3454 Portus
1091 3405 1124 3454 15

112 3470 225 3526 ἄποθεν
243 3470 290 3525 Bb
365 3475 399 3525 18
418 3462 642 3534 *έξελασθελςΟ
715 3475 749 3526 23
763 3468 841 3541 ἡμῶν
861 3469 884 3526 O
903 3487 972 3527 corr.
991 3468 1124 3525 Gelenius
