2424 3848
104 183 171 248 270
526 185 694 234 -H-

103 348 186 432 πρὸς
207 347 286 422 τοὺς
309 344 372 410 άπὸ
396 352 452 427 τῆς
469 342 593 428 Ῥώμης
614 344 755 427 ῆκοντας
774 345 1044 431 ἀποκρινάμενοι,
1068 347 1117 413 ὅτι

104 452 165 518 οὐκ
193 450 225 529 ἐξ
256 450 367 517 αὐτῶν
394 456 511 534 είησαν
542 451 577 516 οί
606 451 869 537 προνομεύοντες
900 451 961 534 τῆν
993 453 1118 538 χώραν,

103 555 176 623 ἀλλ’
203 557 238 622 ἐκ
260 568 327 623 τῶν
350 559 460 622 ἀλλων
483 560 677 642 Τυρρηνῶν,
700 555 869 622 ἀπέλυσαν
890 559 970 634 τοὺς
993 560 1118 645 ἀνδρας

103 660 209 729 οὐδὲν
236 674 302 728 τῶν
331 665 469 728 δικαίων
496 665 705 747 ποιήσαντες·
734 661 848 728 καλοί
871 661 1026 750 πρέσβεις
1050 665 1118 731 ἐπι-

77 771 305 856 ετυγχάνουσι
333 782 403 846 τοῖς
426 769 641 846 Οὐιεντανοῖς
668 773 760 835 λείαν
785 768 820 835 ἐκ
842 778 900 854 τῆς
922 770 1033 836 αὐτῶν
1056 773 1119 859 χῶ-

104 901 163 963 ρας
185 879 313 961 άγουσι.
359 886 461 942 ταῦτα
484 873 560 960 παρ’
583 875 693 940 αὐτῶν
711 876 731 960 ῆ
750 877 856 960 βουλῆ
880 883 1037 960 μαθοῦσα
1060 899 1119 944 πο

104 988 215 1067 λεμείυ
246 981 274 1048 τ’
311 982 494 1068 ἐψηφίσατο
529 983 744 1060 Οὐιεντανοῖς
774 979 830 1048 καί
861 986 939 1060 τοὺς
970 983 1118 1061 ὑπάτους

68 1088 310 1177 3άμφοτέρους
342 1088 470 1173 ἐξάγειν
497 1090 558 1173 τὴν
588 1089 753 1174 στρατιάν.
804 1086 933 1173 ἐγένετο
963 1086 1026 1174 μὲν
1055 1086 1118 1156 οὖν

102 1196 178 1285 περί
200 1206 260 1263 τού
280 1198 443 1280 δόγματος
465 1193 658 1280 ἀμφιλογία,
680 1193 736 1260 καὶ
755 1194 874 1261 πολλοὶ
897 1191 983 1280 ἦσαν
1001 1198 1038 1262 οί
1058 1199 1118 1263 τὸν

64 1324 90 1363 ιο
101 1306 249 1387 πόλεμον
272 1302 334 1367 οὐκ
362 1302 479 1379 ἐῶντες
504 1299 655 1387 ἐκφέρειν
678 1309 736 1384 τῆς
758 1323 792 1366 τε
815 1307 1014 1388 κληρουχίας
1036 1303 1118 1370 ὑπο-

103 1413 343 1494 μιμνήσκοντες
372 1412 451 1485 τοὺς
483 1409 696 1492 δημοτικούς,
728 1403 768 1490 ἧς
799 1432 836 1492 γε
867 1407 1017 1494 πέμπτου
1046 1413 1119 1488 ἔτος

103 1514 328 1601 ἐψηφισμένης
351 1515 416 1580 ὑπὸ
435 1523 495 1581 τοῦ
515 1515 693 1599 συνεδρίου
716 1524 795 1600 κενῆ
814 1517 1048 1594 πιστεύσαντες
1067 1516 1118 1582 ἐλ-

102 1623 175 1687 πίδι
198 1620 415 1705 ἐξηπάτηντο,
437 1619 493 1686 καὶ
510 1622 627 1686 κοινὸν
647 1620 888 1705 ἀποφαίνοντες
905 1625 1065 1709 πόλεμον,
1088 1625 1120 1688 εί

67 1735 198 1872 4κοινῆ
220 1729 374 1812 χρήσεται
397 1728 512 1812 γνώμη
538 1735 627 1791 πᾶσα
654 1730 821 1860 Τυρρηνια
845 1738 914 1804 τοις
936 1728 1167 1814 δμοεθνέσι173

64 1807 374 1924 14βοηδοῦσα.ού
407 1835 474 1918 μὴν
506 1832 647 1917 ίσχυσάυ
678 1833 715 1917 γ’
746 1834 781 1899 οί
810 1845 877 1899 τῶν
910 1848 1118 1902 στασιαστῶν

21 1952 31 2001 >
103 1942 208 2023 λόγοι,
231 1934 303 2005 ἀλλ’
326 1939 471 2025 ἐκύρωσε
492 1937 546 2004 καί
566 1939 584 2005 ὁ
604 1940 755 2024 δῆμος
725 1964 763 2005 το
781 1949 839 2023 τῆς
861 1943 985 2024 βουλῆς
1008 1943 1118 2028 δόγμα

101 2055 140 2133 τῆ
163 2049 316 2130 Σπορίου
340 2050 491 2131 Λαρκίου
520 2047 636 2131 γνώμη
663 2069 697 2111 τε
724 2043 779 2110 καὶ
806 2050 1010 2133 παρακλήσει
1038 2073 1118 2135 χρη-

102 2154 252 2237 σάμενος.
299 2151 353 2218 καὶ
372 2154 452 2237 μετά
470 2148 559 2218 ταῦτ’
585 2150 702 2236 ἐξῆγον
720 2152 778 2228 τάς
800 2153 958 2238 δυνάμεις
976 2155 1012 2219 oc
1031 2154 1118 2220 ύπα-

101 2281 165 2325 τοι·
190 2260 549 2344 στρατοπεδευσάμενοι
573 2254 609 2322 δέ
632 2256 734 2345 χωρὶς
752 2258 905 2343 ἀλλήλοιν
924 2259 965 2325 ού
984 2263 1116 2348 μακράν

61 2382 88 2422 20
102 2364 165 2432 άπὸ
189 2375 246 2449 τῆς
268 2369 394 2443 πόλεως
416 2363 471 2430 καὶ
494 2367 664 2448 μείναντες
686 2361 808 2449 ἡμέρας
831 2365 968 2451 συχνάς,
1000 2365 1116 2452 ἐπειδὴ

101 2472 162 2537 οὐκ
193 2471 372 2557 ἀντεξῆγον
402 2474 437 2538 οί
463 2470 615 2555 πολέμιοι
645 2471 704 2547 τάς
727 2471 900 2555 δυνάμεις,
928 2473 1117 2557 προνομεύ-

101 2594 217 2654 σαντες
240 2579 349 2644 αύτῶν
368 2587 425 2663 τῆς
442 2586 504 2662 γῆς
521 2578 604 2663 ὅσην
628 2576 788 2643 ἐδύναντο
807 2581 963 2662 πλείστην
983 2577 1116 2664 ἀπῆγον

101 2681 150 2749 ἐπ’
172 2690 266 2750 οίκου
285 2686 346 2768 τῆν
368 2684 530 2769 στρατιάν.
568 2685 649 2765 ἄλλο
674 2681 705 2748 δ’
727 2681 780 2749 ἐπὶ
803 2692 862 2767 τῆς
884 2685 1013 2750 τούτων
1031 2685 1116 2750 ὑπα-

101 2793 189 2867 τείας
212 2793 315 2873 λύγου
338 2788 432 2868 άξιου
456 2785 555 2855 οὐδὲν
580 2787 738 2875 ἐπράχθη.

173 2988 236 3037 ’ίτε
255 2998 310 3036 om.
329 2981 352 3034 B
437 2980 595 3050 8ἀγεινΑ
682 2987 714 3035 13
733 2981 877 3037 καινδνο.
896 2979 1000 3035 Reiske
1030 2984 1034 3049 1
1064 2983 1114 3038 τὸν

99 3052 261 3123 πόλεμονο.
281 3051 425 3123 Kieseling
498 3057 531 3106 14
550 3059 631 3122 κοινῆ
649 3051 674 3104 Α
693 3051 803 3122 κενῆΒ
887 3056 918 3106 16
938 3068 969 3106 στ
988 3062 1114 3107 ατιοιτῶν

101 3123 123 3178 O
143 3132 300 3178 στασιωτῶν
318 3123 419 3178 Portus
438 3124 468 3176 et
487 3123 609 3193 Sylburg
663 3128 698 3178 20
717 3122 773 3177 ἀπὸ
792 3121 856 3178 εδδ.
871 3122 895 3175 Β
913 3123 947 3179 cf
1002 3123 1113 3178 ,Krebs

100 3194 374 3264 Praepositionsadv.
394 3195 406 3249 I
425 3212 452 3264 p
467 3199 501 3250 40

471 3447 684 3454 β*-
