2424 3848
561 185 754 273 -za
1104 178 1147 243 39

127 356 263 429 γνῶμεν
293 344 376 428 ἤδη,
402 347 439 408 τί
461 341 533 409 ποτ’
560 340 651 408 ἐστίν
681 341 787 408 έκεῖνο
811 345 848 408 τὸ
872 343 1001 425 δεινόν,
1029 340 1047 405 δ
1076 343 1148 406 δια-

126 455 304 536 θήσουσιν·
325 450 426 534 ἡμᾶς,
454 449 496 515 διν
525 451 568 534 μη
599 460 747 533 ποιῶμεν
770 449 898 514 άπαντα
920 456 966 536 τῷ
991 447 1084 536 δήμω
1107 448 1147 512 τά

125 554 207 623 μεθ’
238 557 380 640 ἡδονάς,
412 556 457 633 ώς
488 556 524 622 οί
554 553 747 640 δημαγωγοὶ
779 553 889 620 αὐτῶν
923 555 1147 638 δεδιττόμενοι

58 667 258 747 1368ἔλεγον.
295 666 326 728 εί
348 661 379 728 δ’
407 662 549 748 ἀφήσετε
573 660 628 727 καὶ
650 671 772 728 τοῦτον
796 660 920 726 ἐκτῶν
944 671 1064 746 χειρῶν
1088 663 1182 732 τδν3

126 774 260 857 καιρόν,
282 770 441 846 πολλάκις
463 768 600 848 εὔξεσθε
623 770 777 834 τοιούτου
799 780 911 852 τυχεῖν
935 765 1063 853 ἑτέρου·
1091 765 1146 833 καὶ
1173 788 1187 829 ι

127 880 160 943 εί
187 879 285 960 γνοίη
312 874 409 942 τοῦθ’
440 876 459 942 ό
491 877 610 960 δῆμος,
642 875 693 940 ότι
721 872 944 959 βουληθέντες
970 875 1147 939 καταλύειν

128 983 235 1049 αὐτοῦ
248 983 310 1065 την
325 985 422 1068 ίσχὺν
436 980 675 1067 ἀπετράπεσθε,
692 984 780 1047 πολὺ
794 985 921 1065 μᾶλλον
942 980 1023 1064 ὑμῖν
1041 983 1147 1065 βαρὺς

128 1089 328 1174 ἐγκείσεται,
355 1086 515 1172 πολέμιον
543 1083 605 1171 μέν
632 1090 669 1152 τὸ
698 1091 906 1172 βουλόμενον
929 1087 1024 1170 ὑμῶν
1046 1086 1147 1170 ἡγού-

128 1218 241 1282 μενος,
264 1196 377 1261 δειλὸν
401 1191 438 1259 δὲ
460 1197 498 1259 τὸ
522 1194 566 1278 μὴ
590 1193 790 1278 δυνάμενον.

196 1300 298 1367 XXV.
332 1294 462 1367 Τοιαῦτ’
484 1303 635 1376 είπόντος
656 1309 716 1366 τοῦ
735 1303 892 1385 Μαρκίου
917 1295 1093 1381 διέστησαν
1111 1298 1149 1362 ιιί
1161 1318 1188 1358 ιο

127 1419 260 1492 γνῶμαι
283 1418 349 1473 τών
373 1406 557 1492 συνέδρων,
580 1405 635 1472 καλ
658 1410 808 1492 θόρυβος
831 1405 867 1471 έν
889 1405 1002 1481 αὐτοῖς
1020 1404 1147 1486 έγίνετο

126 1515 244 1591 πολύς.
285 1515 321 1580 οί
341 1510 488 1599 μὲνγὰρ
513 1512 546 1592 ἐξ
574 1512 675 1598 ἀρχῆς
698 1513 843 1588 ἐναντίοι
866 1523 935 1588 τοῖς
958 1504 1148 1595 δημοτικοῖς

126 1619 185 1686 καὶ
208 1620 267 1697 τὰς
289 1620 470 1702 διαλλαγάς
492 1621 580 1706 παρὰ
604 1621 741 1704 γνώμην
763 1619 1010 1703 ὑπομείναντες,
1036 1615 1073 1682 έν
1097 1608 1166 1695 οἷςι

127 1728 149 1811 ἥ
174 1750 210 1792 τε
227 1728 344 1810 νεότης
362 1726 477 1809 ὀλίγου
497 1727 568 1815 δεῖν
586 1735 675 1791 πᾶσα
693 1721 736 1808 ἦν
754 1722 810 1788 καὶ
828 1735 894 1789 τῶν
913 1722 1147 1809 πρεσβυτέρων

128 1834 167 1900 οί
182 1834 429 1898 πλουσιώτατοί
444 1854 478 1897 τε
497 1829 551 1897 καὶ
568 1834 827 1916 φιλοτιμότατοι,
846 1827 973 1915 βαρέως
990 1827 1149 1915 φέροντες
1162 1849 1188 1889 ιι

127 1940 166 2006 οί
186 1935 249 2023 μὲν
272 1935 326 2003 ἐπὶ
348 1949 419 2015 ταῖς
440 1936 517 2024 περὶ
539 1939 579 2003 τά
603 1940 789 2021 συμβόλαια
812 1937 961 2020 βλάβαις,
985 1936 1021 2001 oc
1041 1930 1071 2000 δ’
1095 1933 1148 2001 ἐπὶ

126 2054 168 2132 τῇ
196 2042 273 2131 περὶ
302 2045 358 2121 τδις
385 2045 480 2128 τιμάς
507 2043 681 2109 ἐλαττώσει
711 2040 858 2130 ἐπῄνουν
886 2045 945 2108 τὸν
973 2042 1081 2127 ἀνδρα
1104 2042 1148 2118 ὡς

75 2180 77 2185 ·
127 2163 289 2237 γενναῖον
320 2149 375 2216 καὶ
407 2154 587 2235 φιλόπολιν
619 2148 674 2215 καί
705 2151 745 2215 τά
778 2150 935 2233 κράτιστα
967 2157 1011 2235 τῷ
1045 2156 1147 2234 κοινῷ

126 2257 285 2342 λέγοντα·
309 2258 344 2323 οί
365 2254 402 2322 δὲ
426 2257 604 2342 δημοτικάς
626 2260 756 2342 ἔχοντες
778 2257 835 2332 τὰς
852 2253 1061 2342 προαιρέσεις
1079 2257 1182 2321 τών2

55 2368 264 2450 ισεετρόπων
286 2363 341 2428 καὶ
364 2367 424 2429 τὸν
445 2369 591 2429 πλοῦτον
615 2362 656 2429 οὐ
683 2363 766 2448 πέρα
789 2372 849 2428 τοῦ
873 2360 1007 2438 δέοντος
1030 2361 1148 2427 έκτετι-
1161 2387 1188 2426 ιο

127 2473 272 2558 μηκότες
298 2480 354 2555 τῆς
380 2467 409 2534 τ’
435 2472 569 2555 είρηνης
595 2465 697 2536 οὐδὲν
720 2467 978 2554 ἀναγκαιότερον
1001 2468 1148 2553 ὑπολαμ·

128 2578 292 2664 βάνοντες
312 2578 459 2662 ἤχθοντο
486 2586 557 2652 τοῖς
583 2574 773 2660 λεγομένοις
799 2572 854 2640 ὑπ’
883 2574 987 2642 αὐτοῦ
1009 2573 1065 2640 καὶ
1087 2576 1148 2658 την

127 2685 269 2769 γνώμην
291 2682 332 2748 οὐ
355 2685 545 2768 προσίεντο·
567 2681 683 2766 ἠξίουν
702 2705 736 2747 τε
756 2683 799 2766 μη
821 2693 890 2758 τοῖς
908 2684 1040 2765 βιαίοις,
1064 2680 1148 2744 ἀλλά

127 2803 201 2867 τοῖς
215 2789 403 2873 εὐγνώμοσι
417 2799 579 2874 περιεῖναι
598 2800 664 2854 τών
683 2785 936 2871 ταπεινοτέρων,
954 2783 1031 2869 μηδ’
1049 2784 1149 2871 ἀπρε-

127 2894 200 2980 πές,
219 2891 292 2960 ἀλλ’
316 2894 497 2978 ἀναγκαίου
515 2894 671 2978 ἡγεῖσθαι
689 2898 726 2960 τὸ
745 2892 895 2976 ἐπιεικές,
913 2894 1021 2968 άλλως
1039 2914 1073 2955 τε
1091 2889 1147 2956 καὶ
1161 2914 1187 2955 ιε

127 3005 214 3089 πρὸς
244 3003 322 3078 τοὺς
353 2999 697 3085 συμπολιτευομένους
727 2997 777 3066 ἐπ’
809 2999 924 3086 εὐνοίᾳ
956 3000 1147 3082 γινόμενον·
1175 3017 1184 3032 ·

203 3235 219 3283 ’ί
238 3227 327 3282 verba
343 3229 414 3282 πολὺ
434 3231 537 3298 μᾶλλον
561 3245 649 3296 usque
669 3227 706 3281 ad
730 3226 823 3281 δειλὸν
843 3244 867 3280 v.
887 3233 903 3280 9
923 3243 976 3282 om.
995 3224 1058 3291 Ac,
1082 3226 1146 3281 add.

127 3301 161 3369 B,
185 3299 293 3368 πολλὴν
311 3297 466 3354 ἀσθένειαν
489 3299 567 3369 ἡμῶν
591 3297 795 3367 κατεγνωκότες
813 3298 903 3359 ἀδεῶς
920 3299 1091 3353 τούντεῦθεν
1111 3298 1147 3358 ὡς

128 3369 326 3441 ἀνδραπόδοις
339 3369 407 3440 ἡμῖν
439 3368 572 3439 ρήσονται
586 3368 660 3438 Omg
718 3377 746 3422 11
769 3364 956 3440 έγ<ί>νετοΒ
1012 3375 1044 3424 16
1059 3368 1147 3424 verba

129 3440 159 3498 οί
176 3441 231 3512 μὲν
249 3458 337 3510 usque
356 3443 393 3495 ad
411 3391 536 3513 ώιῄνονν
554 3459 580 3496 v.
603 3446 635 3494 17
656 3439 721 3495 add.
740 3439 763 3491 Β
