2424 3848
119 149 183 214 190
541 150 707 199 -Η-

117 311 225 378 ἕωθεν
249 307 303 376 ἐπὶ
329 311 387 388 τὰς
416 311 522 387 πύλας
543 306 798 395 προπέμψοντας
821 307 972 388 ἐξιούσας
994 310 1053 386 τὰς
1075 334 1136 393 γυ-
1160 302 1166 314 Χ

116 429 244 495 ναῖκας·
273 416 367 484 αὐτοὶ
395 414 432 483 δὲ
459 427 527 483 τῶν
554 419 817 500 κατεπειγόντων
842 418 958 499 ἔλεγον
981 415 1136 502 ἐπιμελη-

118 531 247 590 σεσθαι.

184 629 386 696 ΧΧΧΧΠΙΙ.
420 627 496 695 Ὅτε
525 626 555 694 δ’
582 631 646 715 ἤδη
674 628 750 716 περὶ
777 632 836 696 τὸν
859 632 990 716 ὄρθρον
1012 625 1072 714 ἦν,
1101 632 1140 697 αλ

92 734 180 822 εμὲν
201 747 357 820 γυναῖκες
379 738 520 820 ἄγουσαι
543 736 583 802 τά
605 739 723 803 παιδία
745 738 825 822 μετὰ
848 737 1031 822 λαμπάδων
1052 731 1137 821 ἧκον

118 840 172 910 ἐπὶ
193 845 255 929 την
274 845 383 909 οἰκίαν
401 840 727 929 καὶπαραλαβοῦσαι
748 844 809 929 την
830 843 1037 930 Οὐετουρίαν
1054 865 1137 929 προ-

118 959 202 1034 ἦγον
225 946 278 1014 ἐπὶ
300 950 358 1027 τάς
379 951 497 1027 πύλας·
526 951 562 1016 οί
583 947 613 1016 δ’
639 951 760 1016 ὐπατοι
784 951 879 1035 ζεύγη
903 973 938 1016 τε
961 949 1057 1036 ὀρικὰ
1080 948 1138 1016 καὶ

119 1055 242 1140 ἁμάξας
260 1054 315 1121 καὶ
333 1050 436 1122 τᾶλλα
449 1067 568 1144 φορεῖα
587 1056 632 1134 ὡς
649 1061 786 1123 πλεῖστα
803 1056 1137 1144 παρασκευασάμενοι

118 1160 340 1247 καθεζομένας
358 1163 459 1240 αὐτάς
476 1163 694 1249 προύπεμπον
713 1164 789 1250 άχρι
809 1168 947 1230 πολλοῦ.
991 1183 1138 1250 παρηκο-

79 1293 105 1332 10
118 1270 269 1334 λούθουν
301 1265 330 1332 δ’
363 1267 478 1346 αὐταῖς
508 1270 543 1335 οί
569 1266 597 1334 τ’
626 1269 662 1336 ἐκ
691 1278 751 1335 τοῦ
779 1271 958 1355 συνεδρίου
985 1267 1042 1335 καὶ
1068 1279 1138 1334 τῶν

118 1377 229 1441 άλλωυ
258 1379 404 1440 πολιτῶν
434 1372 551 1460 συχνοὶ
581 1379 644 1441 σὺν
674 1377 786 1462 εὐχαῖς
816 1374 872 1441 καὶ
902 1374 1051 1453 ἐπαίνοις
1080 1373 1206 1443 καὶ1608

51 1508 70 1541 ι·
120 1485 250 1567 δεήσεσι
277 1482 339 1564 την
367 1480 483 1559 ἔξοδον
513 1480 773 1568 ἐπιφανεστέραν
805 1483 920 1559 αὐταῖς
951 1491 1136 1560 ποιοῦντες.

83 1588 163 1665 2ὡς
190 1583 221 1652 δ’
252 1587 451 1654 εὐσύνοπτοι
477 1591 656 1674 πόρρωθεν
686 1590 734 1654 ἐτι
765 1598 966 1674 προσιοῦσαι
998 1600 1068 1666 τοῖς
1100 1588 1137 1655 ἐκ

119 1704 179 1760 τοῦ
201 1695 343 1780 χάρακος
366 1694 404 1758 αί
423 1705 577 1777 γυναῖκες
597 1692 763 1779 ἐγένοντο,
784 1693 904 1780 πέμπει
922 1705 989 1761 τῶν
1009 1692 1137 1761 ίππέων

80 1823 105 1863 15
119 1801 211 1877 τινάς
238 1801 256 1867 ὁ
284 1801 437 1887 Μάρκιος
463 1802 620 1878 κελεύσας
643 1807 780 1886 μαθεῖν,
807 1803 857 1878 τίς
879 1800 970 1867 ἐστιν
993 1801 1011 1866 ὁ
1034 1818 1138 1887 προσ-

120 1908 182 1971 ιὼν
214 1907 311 1992 ὄχλος
338 1905 375 1972 ἐκ
401 1915 459 1990 τῆς
484 1910 628 1991 πόλεως,
661 1905 716 1973 καὶ
745 1904 798 1972 ἐπὶ
825 1909 860 1973 τί
883 1905 1137 1992 παραγένοιντο.

120 2013 239 2098 μαθὼν
259 2009 296 2079 δὲ
314 2010 392 2099 παρ’
416 2013 538 2097 αὐτῶν,
558 2013 610 2079 ὅτι
622 2010 793 2099 Ῥωμαίων
812 2014 849 2078 αί
864 2024 1019 2096 γυναῖκες
1036 2015 1138 2098 ἥκου-

121 2138 175 2186 σιν
207 2119 408 2204 ἐπαγόμεναι
439 2122 576 2205 παιδία,
610 2131 802 2206 προηγεῖται
840 2118 870 2185 δ’
907 2121 1016 2186 αὐτῶν
1048 2121 1070 2204 ἥ
1102 2142 1136 2186 τε

120 2227 225 2311 μήτηρ
253 2224 308 2292 καὶ
335 2227 355 2311 η
383 2229 469 2312 γυνη
497 2228 600 2294 αὐτοῦ
628 2225 683 2294 καί
710 2228 750 2293 τά
777 2224 892 2312 τέκνα,
918 2222 1138 2316 πρῶτονμὲν

81 2354 107 2396 νο
121 2331 290 2417 ἐθαύμασε
312 2342 370 2419 της
391 2337 514 2419 τόλμης
535 2335 593 2411 τάς
616 2343 791 2418 γυναῖκας,
818 2337 850 2400 εί
876 2335 1014 2418 γνώμην
1037 2335 1138 2419 ἔσχον

120 2441 167 2516 είς
200 2439 326 2525 χάρακα
362 2444 531 2526 πολεμίων
562 2443 638 2526 ἄτερ
671 2440 806 2528 ἀνδρῶν
837 2445 989 2526 φυλακῆς
1021 2439 1138 2506 ἐλθεῖν

120 2548 262 2630 άγουσαι
288 2547 328 2612 τδι
354 2545 469 2631 τέκνα,
504 2544 574 2613 οὐτ’
606 2549 722 2624 αίδοῦς
749 2548 797 2613 ἐτι
825 2555 882 2630 τῆς
909 2546 1138 2632 ἁρμοττούσης

119 2650 274 2738 γυναιξὶν
297 2650 489 2739 ἐλευθέραις
510 2650 566 2717 καὶ
590 2653 740 2746 σώφροσι
762 2653 1008 2739 προνοούμεναι
1030 2654 1068 2718 τὸ
1091 2654 1137 2737 μη

44 2799 45 2803 =
120 2759 158 2826 ἐν
181 2759 344 2846 ἀνδράσιν
366 2758 573 2843 ἀσυνήθεσιν
600 2760 761 2847 ὁρᾶσθαι,
788 2760 865 2825 οὐτε
887 2758 1057 2825 κινδύνων
1079 2763 1138 2824 λα-

82 2887 107 2930 ιε
120 2871 241 2952 βοῠσαι
265 2864 356 2951 δέος,
385 2865 445 2943 οὓς
467 2865 682 2952 ἀναρριπτεῖν
710 2868 864 2951 ἔμελλον,
892 2867 923 2931 εί
948 2865 988 2931 τά
1012 2863 1138 2951 συμφέ-

122 2997 224 3061 ροντα
245 2975 310 3058 πρὸ
334 2984 401 3038 τῶν
420 2974 558 3038 δικαίων
579 2970 747 3057 ἑλομένοις
765 2975 872 3057 σφίσι,
896 2970 1002 3050 δόξειε
1019 2969 1206 3057 κέρδοςισοε

193 3207 209 3255 6
228 3150 408 3274 παράδοῦσαι
427 3200 449 3254 Β
522 3205 539 3254 8
559 3200 673 3271 φορεῖα]
693 3205 793 3270 πορεῖα
808 3215 830 3253 υ.
851 3199 940 3254 Cobet
960 3199 1137 3270 Obs.p.164

122 3278 155 3327 12
175 3271 270 3339 δεήσει
289 3272 311 3327 0
332 3271 442 3340 δεήσεσι
460 3269 564 3325 Reiske
639 3276 671 3326 13
691 3269 902 3344 <εὐ>σύνοπτοι
920 3270 943 3325 Β
960 3273 964 3342 Ι
985 3279 1137 3339 προιυῦσαι

121 3345 151 3396 οὐ
168 3362 194 3399 τ.
217 3349 248 3397 15
267 3352 374 3413 προιῶν
393 3343 469 3397 ABb
541 3349 575 3398 23
594 3350 644 3398 τοῦ
663 3341 700 3413 μὴ
720 3342 840 3412 Sylburg
921 3347 956 3396 24
974 3342 1136 3416 άνδρα<σιν

121 3412 318 3487 ἀ>συνήθεσιν
337 3415 359 3467 Β

94 3578 211 3624 Α..
