2424 3848
492 183 659 235 -Θ-
1017 182 1083 248 365

68 342 171 427 ραχδις
188 342 454 430 παρειλκυσμένα
472 343 638 429 ἐμπεδοῦν
657 347 735 422 τοὺς
752 345 910 429 ὑπάτους,
933 342 987 410 καί
1006 348 1083 423 τοὺς

67 447 311 535 ποιησομένους
333 452 394 535 τὴν
418 453 582 536 διανομὴν
606 453 731 537 ἀνδρας
754 450 1002 517 ἀποδεικνύναι.
1048 485 1050 489 ·

135 555 208 620 LII.
254 554 352 623 Ταῦτ’
387 559 538 634 εἰπόντος
569 559 728 642 Αἰμιλίου
761 559 917 644 δεύτερος
948 555 1085 642 κληθείς

61 659 201 739 ’Ἇππιος
223 664 406 747 Κλαύδιος,
430 663 448 730 ὁ
471 672 516 751 τῷ
538 665 689 748 πρόσθεν
712 663 898 741 ὑπατεύσας
920 667 984 730 ἔτει
991 713 1001 748 ,
1022 666 1084 749 τὴν

69 767 224 834 ἐναντίαν
256 770 393 853 γνώμην
426 771 615 854 ἀπεφήνατο
648 771 834 854 διδάσκων,
872 770 916 847 ὡς
947 767 1027 836 οὔθ’
1063 770 1084 854 ἡ
1112 793 1125 835 ο

69 875 175 959 βουλὴ
206 876 373 960 διανεῖμαι
399 876 440 939 τδι
468 878 611 960 δημόσια
637 878 831 961 προαίρεσιν
859 879 946 962 έσχε·
982 877 1085 942 πάλαι

69 982 133 1068 γάρ
163 979 206 1046 ἀν
235 980 407 1065 εἰληφέναι
436 983 477 1046 τά
506 977 638 1059 δόξαντ’
671 981 754 1068 αὐτῇ
783 980 890 1060 τέλος·
933 979 1006 1046 ἀλλ’
1039 984 1086 1059 εἰς

69 1089 194 1174 χρόνον
217 1083 272 1150 καί
296 1087 478 1170 διάγνωσιν
502 1085 617 1172 ἑτέραν
641 1086 836 1173 ἀνεβάλετο,
859 1097 983 1153 παῦσαι
1006 1109 1086 1174 προ-

70 1190 268 1277 θυμουμένη
292 1193 353 1276 τὴν
375 1195 449 1259 τότε
471 1203 702 1279 κατασχοῦσαν
726 1194 859 1277 στάσιν,
887 1193 930 1277 ἣν
953 1194 1086 1277 εἰσῆγεν

71 1300 89 1367 ὁ
113 1308 152 1385 τη
171 1300 346 1384 τυραννίδι
365 1298 539 1385 ἐπιχειρῶν
557 1298 681 1377 ὕπατος
697 1297 754 1365 καί
772 1301 853 1384 μετδι
870 1307 973 1364 ταῦτα
992 1300 1086 1377 δίκας
1101 1322 1126 1363 ιο

71 1407 152 1481 δοὺς
182 1404 298 1481 καλάς·
329 1403 406 1471 οὔθ’
435 1406 471 1471 οἰ
495 1407 575 1491 μετδι
602 1408 639 1471 τὸ
667 1407 903 1493 προβούλευμα
931 1408 1121 1491 λαχόντες2

22 1511 191 1578 ιεθύπατοι
204 1508 299 1589 τέλος
312 1522 381 1588 τοῖς
395 1509 635 1597 έύηφισμένοις
649 1510 812 1577 ἐπέθεσαν
826 1512 979 1598 ὁρῶντες,
997 1512 1087 1602 ὅσων

69 1619 290 1685 εἰσελεύσεται
313 1628 424 1684 κακῶν
447 1621 494 1695 εἰς
514 1619 575 1702 την
593 1622 692 1685 πόλιν
711 1617 794 1705 ἀρχὴ
815 1615 1087 1684 συνεθισθέντων

70 1727 111 1790 τά
138 1725 236 1791 κοινά
258 1736 325 1790 τῶν
348 1726 499 1807 πενήτων
522 1725 774 1811 διαλαγχάνειν·
801 1726 838 1790 αἵ
858 1749 892 1791 τε
915 1722 984 1810 μετ’
1006 1723 1088 1790 έκεί-

71 1856 153 1909 νους
170 1833 403 1896 πεντεκαίδεκα
421 1832 573 1897 ὑπατεῖαι
592 1837 725 1898 πολλῶν
739 1832 854 1909 αὐταῖς
872 1829 1087 1917 ἐπαχθέντων
1102 1858 1127 1900 ιε

71 1938 138 2004 ὑπὸ
161 1947 221 2003 τοῦ
245 1939 354 2022 δήμου
377 1939 548 2003 κινδύνων
572 1935 672 2004 οὐδέν
691 1935 885 2023 ὑπέμειναν,
908 1938 926 2003 δ
946 1940 990 2020 μὴ
1010 1958 1088 2004 συν-

73 2042 170 2131 έφερε
193 2052 239 2131 τῷ
261 2044 409 2131 <κοινῷ>
431 2044 598 2131 πράττειν,
622 2043 678 2106 διδι
701 2046 738 2109 τὸ
757 2041 834 2126 μηδ’
852 2041 974 2121 ἐξεῖναι
993 2045 1089 2126 σφίσι

72 2151 155 2216 κατὰ
186 2151 224 2215 τὸ
256 2150 491 2236 προβούλευμα
519 2150 598 2224 τοὺς
626 2150 816 2233 γεωμόρους
846 2148 1089 2231 ἀποδεικνύειν,

74 2255 159 2322 ἀλλά
185 2266 255 2333 τοίς
275 2257 419 2343 πρώτοις
441 2254 580 2332 ε’κείνοις
602 2253 746 2330 ὑπάτοις.
792 2250 868 2317 ὥστ’
897 2250 969 2317 οὐδ’
997 2253 1124 2336 ὑμῖν,3

75 2365 209 2447 ἔφησεν,
232 2358 258 2427 ὦ
284 2359 461 2449 Οὐαλέριε,
484 2359 538 2426 καί
562 2363 604 2425 σὺ
627 2361 772 2444 Αἰμίλιε,
795 2367 856 2442 γῆς
878 2356 1090 2441 ἀναδασμοὺς
1103 2386 1130 2427 20

74 2466 258 2555 εἰσφέρειν,
286 2467 345 2545 οὑς
368 2468 429 2533 οῦκ
452 2465 605 2546 ἐπέταξεν
628 2466 708 2551 ὑμίν
730 2466 767 2531 τὸ
791 2461 985 2550 συνέδριον,
1013 2465 1089 2529 ούτε

74 2579 183 2650 καλῶς
210 2576 291 2660 ἔχει,
319 2577 496 2660 προγόνων
525 2567 622 2638 οὑσιν
645 2571 799 2656 ἀγαθῶν,
830 2568 900 2637 οὔτ’
926 2569 1089 2655 ἀσφαλῶς.

74 2677 131 2747 καί
160 2677 236 2766 περὶ
263 2676 324 2764 μέν
351 2688 411 2746 τοῦ
438 2680 744 2766 προβουλεύματος,
774 2678 819 2754 ὑς
847 2677 887 2743 οὐ
914 2681 1089 2761 κρατεῖσθε

76 2783 132 2852 ὑπ’
156 2786 259 2851 αὐτοῦ
283 2786 319 2851 οἰ
338 2786 509 2862 τοσούτοις
525 2785 667 2871 ὕστερον
685 2785 927 2860 ὑπατεύσαντες
946 2784 1090 2867 χρόνοις,

152 3019 165 3067 1
185 3012 321 3084 ὑπάτους]
340 3010 390 3067 ὑπ’
411 3013 513 3075 αὑτοὺς
530 3012 578 3065 Ba
632 3020 648 3067 6
667 3009 788 3081 δημόσια
806 3011 956 3081 πράγματα
971 3009 994 3064 O
1008 3025 1091 3077 prae-

76 3082 164 3140 terB
247 3090 262 3138 ⁷
288 3084 411 3149 δόξαντα
429 3083 476 3137 Bb
502 3089 506 3150 Ι
532 3081 572 3146 εἰς
590 3081 691 3153 χρόνον
711 3081 805 3152 ἕτερον
824 3081 874 3136 καί
892 3079 1044 3151 διάγνωσιν
1068 3097 1091 3135 ο.

78 3154 239 3225 Stephanus
312 3160 328 3209 9
348 3153 495 3225 εἰσήγαγεν
514 3171 537 3209 ο.
557 3155 658 3208 Garrer
677 3153 742 3208 obs.
759 3171 786 3223 p.
802 3157 835 3207 56
910 3159 941 3204 11
961 3151 1093 3221 λαχόντες

79 3225 150 3280 cet
166 3225 270 3281 Reiske
293 3224 426 3298 λαβόντες
443 3224 469 3278 R
492 3223 626 3297 λαβόντες
643 3221 781 3279 ὑπατείαν
804 3241 827 3277 c.
848 3223 969 3292 Sylburg
1059 3227 1092 3276 14

79 3295 159 3370 <αἰ>
178 3297 225 3351 Bb
298 3302 331 3350 15
356 3298 452 3358 αὑτοῖς
468 3295 521 3348 ΑΒ
594 3301 627 3350 16
647 3292 815 3363 συνεφέρετο
833 3292 965 3362 πράττειν
983 3292 1009 3345 Α
1027 3304 1093 3346 ουν-

79 3367 166 3438 ἑφερε
184 3373 223 3441 τῷ
240 3366 411 3438 πράττεινΒ
431 3384 454 3421 σ.
469 3372 507 3439 τῷ
525 3372 611 3438 κοινῷ
629 3365 762 3436 πράττειν
776 3364 921 3434 Kiessling
976 3369 1008 3418 18
1028 3364 1093 3428 τούς

77 3459 108 3494 τε
128 3437 249 3510 όμόρους
267 3440 468 3495 ἀποδείκνυσιν
487 3435 537 3491 Ac
602 3444 635 3492 22
656 3437 730 3506 ἔχειν
749 3438 773 3491 Α
