2424 3848
100 175 166 240 εον
523 176 691 226 -Θ-

99 340 202 403 κακόν
226 360 259 400 τε
284 335 339 402 καί
358 335 569 421 άπρόθυμον,
593 334 752 420 διαμένον
771 335 807 401 έν
825 345 894 412 τοῖς
913 337 1118 419 δημοτικοῖς,

94 442 134 521 ,ἐξ
159 438 200 507 οὑ
223 440 299 528 περὶ
322 452 380 526 τῆς
401 446 600 527 κληρουχίας
619 445 863 525 διεστασίασαν,
885 442 1127 528 ὑφορώμενον.

102 551 149 612 ἔτι
178 549 241 633 γάρ
273 548 385 624 αὐτοῖς
414 551 537 612 ἔναυλα
566 545 621 612 καί,
650 549 715 632 πρὸ
746 546 901 631 ὀμμάτων
930 543 990 631 ἦν,
1020 548 1041 612 δ
1069 558 1116 635 τῷ

99 656 302 739 παρελθόντι
335 653 474 740 ἐνιαυτῷ
508 655 589 718 κατά
622 656 659 720 τὸ
690 656 826 735 ἔγκοτον
855 663 913 737 της
942 656 1026 739 πρὸς
1056 656 1118 720 τὸν

74 787 87 827 ι
100 761 227 826 ὕπατον
240 770 335 844 τιμῆς
353 761 472 846 αἰσχρὰ
490 758 546 825 καὶ
565 758 681 837 άνάξια
695 768 752 843 τῆς
766 762 893 837 πόλεως
907 761 1117 845 εἰργάσαντο,

99 869 397 951 παραχωρήσαντες
425 875 483 949 τῆς
509 869 603 949 νίκης
630 876 700 942 τοῖς
726 866 897 950 ἡττηθεῖσι
924 865 978 931 καί
1006 878 1117 952 φυγῆς

100 974 229 1048 ὄνειδος
247 973 308 1038 οὑκ
327 968 450 1056 ἀληθὲς
463 960 716 1056 ὑπομείναντες,
734 973 790 1036 ἵνα
809 972 852 1056 μὴ
872 973 1040 1060 καταγάγη
1056 975 1118 1039 τὸν

100 1077 262 1145 ἐπινίκιον
284 1082 454 1165 θρίαμβον
477 1079 495 1144 ὁ
519 1077 612 1163 ἀνηρ.
943 1148 945 1152 ,

166 1184 258 1251 VIII.
281 1189 490 1268 Βονλόμενοι
513 1185 553 1267 δὴ
577 1186 614 1250 τὸ
639 1184 813 1263 στασιάζον
832 1183 867 1249 ἐκ
886 1195 944 1269 τῆς
961 1196 1117 1269 στρατιᾶς

61 1319 86 1357 10
101 1289 223 1369 ἐξελεῖν
246 1293 294 1368 εἰς
316 1290 408 1368 τέλος
430 1289 485 1356 καί
508 1299 707 1374 καταστῆσαι
730 1291 831 1355 πάλιν
854 1293 901 1367 εἰς
923 1292 984 1375 τὴν
1004 1290 1037 1369 ἐξ
1057 1291 1117 1373 άρ-

99 1405 159 1481 χῆς
182 1397 343 1480 ὁμόνοιαν
367 1397 454 1462 άπαν
472 1399 509 1462 τὸ
528 1401 669 1479 πλῆθος,
691 1393 746 1461 καὶ
765 1397 812 1472 εἰς
830 1397 868 1460 ἓν
885 1404 984 1462 τοῦτο
1003 1406 1116 1462 πᾶσαν

99 1505 329 1589 εἰσφερόμενοι
353 1506 480 1587 βουλήν
503 1526 537 1567 τε
561 1500 616 1567 καί
634 1505 809 1584 πρόνοιαν,
831 1501 944 1587 ἐπειδὴ
963 1503 1040 1568 οὔτε
1060 1528 1117 1570 κο-

100 1609 192 1674 λάσει
211 1606 331 1693 μέρους
350 1610 440 1684 τινὸς
458 1606 731 1694 σωφρονέστερον
746 1607 929 1673 ἀποδοῦναι
942 1611 980 1674 τὸ
996 1613 1116 1676 λοιπὸν

99 1709 157 1797 ἦν,
185 1716 271 1778 πολὺ
299 1711 354 1779 καὶ
383 1714 529 1790 αὔθαδες
556 1714 707 1800 ὑπάρχον
733 1713 788 1779 καί
810 1715 850 1779 τά
873 1715 958 1782 ὅπλα
982 1715 1018 1781 έν
1043 1729 1163 1794 ταῖςιιι

59 1848 85 1887 ιι
100 1818 214 1904 χερσὶν
242 1822 334 1905 ἐχον,
362 1821 439 1885 οὔτε
466 1827 582 1886 πειθοῖ
606 1821 877 1906 προσαγαγέσθαι
904 1825 1013 1905 λόγων
1037 1826 1117 1901 τοὺς

101 1915 180 1990 οὑδέ
212 1933 391 2010 πεισθῆναι
422 1925 663 2011 βουλομένους,
701 1928 763 1992 δύο
795 1929 915 2004 ταύτας
945 1926 1116 2013 ὑπέλαβον

100 2034 237 2097 ἔσεσθαι
259 2043 327 2098 τῶν
351 2036 593 2111 στασιαζόντων
617 2035 722 2110 αἰτίας
744 2043 802 2116 τῆς
825 2035 1018 2119 διαλλαγῆς,
1046 2047 1117 2112 τοῖς

100 2134 165 2223 μέν·
176 2138 414 2221 ἐπιεικεστέρας
428 2141 641 2225 μετειληφόσι
655 2141 830 2224 φύσεως-
841 2139 922 2223 ἐνῆν
936 2141 999 2226 γάρ
1014 2165 1046 2206 τι
1061 2140 1117 2208 καὶ

100 2255 255 2312 τοιοῦτον
274 2245 310 2311 ἐν
329 2255 374 2334 τῷ
398 2252 510 2332 πολλῷ
528 2284 568 2293 -
586 2246 648 2329 τὴν
667 2244 720 2311 ε’πί
738 2257 808 2323 τοῖς
826 2246 1029 2332 ὀνειδισμοῖς
1047 2260 1117 2314 τῶν

58 2378 87 2418 ω
101 2355 268 2435 πολεμίων
292 2354 466 2438 αἰσχύνην,
489 2364 558 2428 τοῖς
581 2348 618 2416 δέ
642 2342 849 2435 δυσαγώγοις
871 2350 924 2417 ἐπὶ
943 2355 980 2418 τὸ
999 2358 1117 2439 καλόν,

64 2456 142 2539 miv
165 2458 275 2522 ἅπασα
298 2456 448 2524 δέδοικεν
472 2457 656 2544 ἀνθρώπου
679 2459 780 2543 φύσις
797 2458 954 2542 ἀνάγκην.
992 2460 1048 2524 ἵνα
1073 2462 1116 2544 δὴ

100 2573 202 2628 ταῦτα
225 2562 355 2646 γένοιτο
378 2563 565 2648 ἀμφότερα,
593 2564 719 2648 ἐφῆκαν
742 2576 811 2641 τοῖς
833 2567 1003 2648 πολεμίοις
1025 2568 1116 2654 λόγω

99 2665 126 2734 τ’
155 2671 325 2755 αἰσχύνειν
353 2673 544 2758 κακίζοντας
571 2681 667 2754 σφῶν
690 2671 734 2745 ὡς
758 2671 927 2754 ἄνανδρον
950 2670 1011 2753 τὴν
1035 2671 1117 2755 ησυ-

98 2780 187 2859 χίαν,
209 2773 264 2840 καί
288 2779 397 2860 ἐργοις
415 2775 602 2860 ὑπεροψίας
614 2798 649 2840 τε
668 2773 722 2840 καὶ
740 2779 1018 2863 καταφρονήσεως
1035 2782 1117 2843 πολ-

58 2899 86 2940 ει
100 2886 159 2965 λῆς
176 2879 366 2965 γινομένοις
380 2881 576 2965 ἀναγκάζειν
591 2881 742 2966 ἀγαθοὺς
755 2881 913 2966 γενέσθαι
927 2886 1005 2961 τοὺς
1020 2882 1117 2950 ἑκον-

172 3007 189 3054 4
212 3001 282 3071 πρὸς
300 3002 349 3056 τὸν
367 3001 477 3057 ὑπατον
496 3020 519 3059 ο.
538 3002 641 3057 Reiske
714 3011 729 3058 ὅ
748 3006 814 3072 post
831 3011 911 3074 τιμῆς
929 3004 1030 3074 partic.
1051 3007 1117 3076 άμε-

100 3077 212 3133 λοῦντες
234 3072 281 3127 vel
304 3073 493 3143 ἀφαιροῦντες
516 3073 582 3127 add.
606 3073 714 3142 Kayser
736 3074 807 3129 Ann.
827 3075 896 3145 phil.
921 3080 991 3129 1868
1014 3095 1043 3145 p.
1063 3082 1116 3132 816

101 3152 134 3198 15
154 3141 287 3217 λό<γ>ων
305 3144 328 3197 Β
392 3150 426 3199 16
446 3145 509 3199 οὑτε
529 3144 551 3199 0
571 3143 637 3199 οὐδὲ
656 3145 759 3199 Reiske
780 3152 783 3212 Ι
804 3150 952 3201 πισθεῖναι
970 3147 1017 3199 Ba
1083 3154 1116 3202 17

100 3212 218 3269 ἔσεσθαι
237 3214 342 3268 add.ss
412 3223 444 3270 19
463 3219 555 3288 πολλῷ
573 3213 679 3282 πλήθει
699 3234 722 3268 ε.
742 3215 845 3271 Reiske
909 3223 945 3271 24
962 3217 1118 3287 γενομένης

100 3285 150 3339 ΑΟ
170 3284 318 3354 γινομένης
336 3286 359 3339 Β
378 3285 539 3356 γενομένοις
559 3286 682 3340 Sintenis
696 3287 756 3341 Em.
773 3286 852 3343 Dion.
868 3288 938 3342 1114
956 3287 1118 3358 γινομένοις

99 3355 244 3426 Kiessling
262 3355 414 3427 γενομένης
429 3358 483 3412 del.
497 3358 607 3426 Kayser
619 3358 691 3412 Ann.
706 3357 776 3426 phil.
792 3364 861 3414 1868
874 3377 902 3428 p.
918 3364 970 3413 816
987 3360 991 3432 I
1008 3359 1118 3430 ἄνδρας

100 3427 231 3494 ἀγαθοὺς
249 3444 272 3484 ο.
293 3428 381 3483 Cobet
400 3429 466 3483 Obs.
485 3447 512 3498 p.
533 3434 585 3483 174
608 3433 613 3497 Ι
638 3423 783 3492 ἑκουσίως
801 3429 847 3482 Ba
