2378 3840
493 171 659 221 -H-
1017 165 1082 233 173

65 333 182 416 τρίδος
208 329 270 416 οὐχ
297 329 392 396 ὅσιον
420 330 484 414 ἐγὼ
511 334 656 415 πόλεμον
683 329 923 413 ἐνεστησάμην,
954 330 1082 397 ἅπαντα
1158 396 1167 411 ,

67 447 153 524 χρῆν
182 436 316 503 ἐναντία
342 461 399 522 μοι
425 441 581 520 γίνεσθαι
608 437 647 503 τά
674 437 763 522 παρὰ
789 442 894 502 θεῶν·
922 435 1019 502 ὁπότε
1047 433 1078 501 δ’

67 545 173 635 οὐρίῳ
197 544 345 630 πνεούση
367 542 525 629 κέχρημαι
547 551 587 629 τῇ
609 541 684 629 περὶ
703 546 781 619 τοὺς
802 541 967 627 πολέμους
989 544 1083 629 τύχη,

67 650 124 717 καὶ
160 651 297 727 ὁπόσοις
335 649 376 716 άν
416 649 622 735 ἐπιβάλωμαι
656 651 826 736 πράγμασι
860 646 933 716 κατ’
975 650 1083 736 ὀρθὸν

69 757 199 824 ἅπαντά
226 739 284 842 μοι
310 768 425 844 χωρεῖ,
453 759 557 841 δῆλον
584 757 635 822 ὅτι
661 756 801 841 εὐσεβής
827 758 894 840 είμι
921 754 1006 841 άνήρ
1028 751 1124 821 καλε

68 861 203 950 πράξεις
230 859 421 948 προῄρημαι
447 863 557 941 καλάς.
605 866 641 928 τί
661 857 740 945 οὖν,
767 861 826 928 ἐὰν
853 863 1119 946 μεταβάλωμαι3

68 967 125 1037 καὶ
154 969 197 1035 τὰ
230 965 291 1053 μὲν
322 968 463 1056 ὑμέτερα
497 968 626 1053 αὔξειν,
658 969 698 1034 τά
725 965 763 1034 δὲ
791 970 919 1034 τούτων
947 969 1085 1033 ταπεινά

69 1087 181 1143 ποιεῖν
211 1078 310 1159 ζητῶ,
336 1079 511 1160 γενήσεταί
535 1101 606 1160 μοι;
640 1070 693 1160 ἆρ’
723 1072 799 1160 ούχὶ
825 1074 998 1158 τάναντία,
1029 1072 1086 1139 καὶ

69 1181 224 1268 πονηράν
245 1180 379 1265 νέμεσιν
402 1182 463 1262 ἔξω
485 1184 574 1268 παρά
596 1193 657 1249 τοῦ
680 1184 855 1265 δαιμονίου
879 1191 950 1258 τοῖς
971 1180 1086 1265 ήδικη-

71 1285 185 1372 μένοις
202 1291 361 1374 τιμωρόν,
383 1287 438 1355 καὶ
457 1289 565 1376 ὥσπερ
585 1289 621 1355 ἐκ
639 1299 797 1355 ταπεινοῦ
815 1286 915 1372 μέγας
934 1287 989 1351 διά
1007 1290 1086 1364 τοὺς
1101 1305 1126 1344 1⁰

69 1397 175 1471 θεοὺς
204 1392 382 1480 ἐγενόμην,
418 1396 522 1473 οὕτως
554 1390 654 1473 αὖθις
685 1395 722 1461 ἐκ
753 1395 898 1480 μεγάλου
933 1395 1086 1472 ταπεινὸς

71 1501 272 1587 γενήσομαι,
300 1499 356 1566 καὶ
378 1499 464 1585 τάμά
485 1503 665 1586 παθήματα
686 1502 892 1586 παιδεύματα
914 1502 1086 1584 γενήσεται

71 1617 143 1683 τοῖς
165 1607 294 1684 άλλοις;
319 1605 389 1692 ἐμοὶ
414 1603 476 1692 μὲν
494 1618 596 1674 ταῦτα
617 1611 812 1693 παρίσταται
834 1605 910 1695 περὶ
932 1616 992 1674 τοῦ
1015 1606 1122 1673 δατ-4

72 1715 195 1796 μονίον
222 1725 378 1798 φρονεῖν,
407 1712 463 1779 καὶ
485 1718 648 1799 πείθομαί
666 1738 704 1799 γε
726 1715 784 1791 τὰς
806 1713 940 1800 ἐρινύας
962 1714 1088 1791 ἐκείνας

71 1819 131 1895 τὰς
159 1820 305 1905 φοβερὰς
331 1818 387 1884 καὶ
412 1818 655 1906 ἀπαραιτήτους
683 1832 752 1898 τοῖς
783 1820 922 1887 ἀνόσιόν
952 1846 985 1886 τι
1016 1822 1087 1886 δια-
1102 1834 1128 1875 1⁵

71 1922 311 2012 πραξαμένοις,
339 1919 387 1992 ὧν
409 1924 465 1992 καὶ
488 1930 529 1993 σὺ
553 1926 739 2012 ἐμνήσθης,
766 1921 792 1992 ὦ
814 1928 986 2012 Μηνύκιε,
1014 1929 1087 1992 τότε

11 2049 132 2116 68ομοι
154 2034 465 2117 παρακολουθήσειν
488 2034 599 2119 ψυχήν
621 2031 733 2099 τεκαὶ
755 2044 849 2119 σῶμα
871 2030 1088 2116 αἰκιζομένας,

73 2137 157 2202 ὅταν
175 2136 379 2220 ἐγκαταλίπω
397 2138 453 2205 καὶ
474 2141 588 2225 προδῶ
611 2143 690 2217 τοὺς
708 2140 878 2218 σώσαντάς
897 2163 937 2224 με
960 2137 1088 2204 ἀπολω-

73 2245 157 2309 λότα
177 2240 238 2328 ὑφ’
258 2243 353 2329 ὑμῶν
376 2241 431 2309 καὶ
454 2246 534 2328 μετὰ
557 2255 618 2311 τοῦ
640 2251 745 2312 σῶσαι
767 2247 892 2323 πολλάς
910 2244 966 2312 καὶ
988 2246 1089 2321 καλάς

72 2347 285 2434 προσθέντας
306 2350 506 2436 εὐεργεσίας,
529 2343 579 2429 οἷς
600 2351 760 2436 ἐγγυητὰς
782 2355 890 2419 ἔδωκα
908 2353 1022 2438 θεούς,
1045 2353 1090 2429 ὡς
1102 2373 1129 2414 νο

74 2453 127 2521 ἐπ’
150 2454 265 2522 οὐδενὶ
283 2463 373 2544 κακῷ
396 2457 457 2540 τήν
475 2456 591 2541 ἄφιξιν
611 2458 832 2543 ποιησάμενος
853 2455 909 2523 καὶ
931 2458 1089 2544 φυλάξων

73 2562 138 2645 τήν
160 2565 207 2640 είς
228 2564 305 2628 τόδε
329 2564 453 2648 χρόνου
475 2564 629 2651 καθαράν
653 2562 709 2630 καὶ
735 2564 897 2650 ἀμίαντον
919 2563 1089 2630 συνοῦσάν

74 2673 277 2754 μοιπίστιν.

142 2774 315 2841 ΧΧΧΠΙΙ.
343 2773 445 2842 Ὅταν
468 2771 506 2842 δὲ
527 2779 648 2862 φίλους
670 2780 719 2842 ἔτι
740 2781 852 2860 καλῇς,
874 2771 901 2841 ὦ
923 2776 1090 2860 Μηνύκιε,

74 2885 155 2960 τοὺς
177 2881 392 2960 ἐξελάσαντάς
414 2906 454 2967 με
475 2880 531 2948 καὶ
553 2883 694 2970 πατρίδα
716 2884 779 2966 τήν
801 2882 1091 2967 ἀπαρνησαμένην,
1104 2898 1130 2943 ²⁵

76 2990 209 3075 φύσεώς
236 3012 271 3054 τε
297 2991 424 3073 νόμους
450 2987 597 3074 ἀνακαλῇ
624 2987 679 3061 καὶ
706 2987 782 3075 περὶ
803 3000 870 3054 τῶν
893 2988 996 3065 ὁσίων
1020 2989 1090 3052 δια-

151 3223 166 3270 1
186 3215 330 3271 *ἅπαντα
349 3211 434 3287 ἐχρῆν
449 3215 472 3271 Ο
489 3213 593 3271 ἅπαντ’
611 3215 647 3270 διν
663 3211 747 3286 ἐχρῆν
766 3232 789 3271 ο.
804 3213 948 3270 Christian
965 3230 1092 3270 convers.

79 3287 185 3354 Germ.;
211 3290 261 3341 aut
280 3284 383 3342 ἅπαντ’
406 3283 490 3358 ἐχρῆν
509 3290 560 3343 aut
587 3286 699 3341 ἅπαντα
727 3294 797 3358 χρήν
825 3285 1003 3340 scribendum
1030 3302 1092 3341 esse

79 3374 179 3413 censeo
222 3407 224 3411 .
252 3357 323 3413 λτδι
340 3358 447 3414 add.B
513 3365 545 3414 10
563 3357 733 3428 τιμωρῶνΑ
794 3364 826 3412 21
846 3357 1090 3430 ποιησόμενοςΑή

79 3429 213 3498 φυλάξων
232 3428 296 3485 add.
315 3428 421 3499 Aemg
