2424 3848
113 173 180 238 364
537 173 703 227 -Θ-

113 337 308 421 εβούλευεν,
336 334 393 399 ἵνα
419 332 514 421 χάρις
539 333 561 418 ή
589 335 823 422 παραχώρησις
850 331 959 400 αὐτῶν
982 331 1130 419 γένηται.

112 443 219 507 πολλὰ
242 442 305 529 γάρ
328 438 384 506 καὶ
406 441 492 507 ἀλλα
514 442 558 526 μή
578 443 698 518 δόντας
716 441 806 529 αὐτῷ
823 441 905 506 κατά
922 444 1133 527 προαίρεσιν,

113 544 170 614 ὑπ’
198 546 343 631 ἀνάγκης
365 544 665 633 συγκεχωρηκέναι·
696 548 775 625 τούς
797 571 832 613 τε
854 530 1052 632 κατέχοντας
1075 549 1133 625 τάς

114 657 243 739 κτήσεις
265 648 313 719 ών
337 651 569 737 ἐκαρπώσαντο
588 657 720 740 χρόνων
739 656 901 730 λαθόντες
919 652 1014 737 ἠξίου
1032 655 1201 739 χάρινιεεί

78 744 257 858 Ξείδέναι,
279 757 512 844 κωλυομένους
535 755 573 825 δέ
596 761 640 845 μή
665 765 875 846 φιλοχωρεῖν.
922 762 984 845 ἔφη
1008 783 1043 824 τε
1068 763 1133 826 σὺν

113 875 159 954 τῷ
188 868 305 955 δικαίῳ
312 914 322 950 ,
349 865 367 931 δ
390 866 511 942 πάντες
533 866 775 951 ὁμολογήσειαν
798 867 937 952 ίσχυρδν
960 861 1064 951 εἶναι,
1092 868 1133 932 τδ

114 969 175 1057 μὲν
202 973 345 1056 δημόσια
367 973 464 1038 κοινδι
487 971 622 1038 πάντων
645 967 747 1056 εἶναι,
773 973 815 1037 τδι
838 969 868 1036 δ’
897 974 967 1037 ίδια
991 969 1133 1038 ἑκάστου

80 1140 82 1144 ,
112 1089 180 1144 τῶν
204 1081 296 1165 νόμω
319 1076 546 1162 κτησαμένων·
568 1076 625 1144 καὶ
647 1079 831 1162 ἀναγκαῖον
853 1079 917 1162 ήδη
939 1080 976 1143 τὸ
996 1086 1134 1163 πρᾶγμα

113 1185 179 1251 ὑπὸ
209 1184 310 1269 <τής>
340 1188 464 1269 βουλῆς
495 1181 670 1267 γεγονέναι
701 1186 765 1271 πρὸ
799 1182 882 1250 ἐτῶν
913 1181 1133 1250 ἑπτακαίδεκα

75 1314 100 1354 ιο
113 1293 176 1376 τήν
199 1300 263 1375 γήν
286 1288 456 1374 διανέμειν
478 1288 719 1376 ψηφισαμένης.
766 1288 821 1356 καὶ
845 1287 934 1357 τοῦτ’
961 1287 1133 1375 ἀπέφηνεν

115 1395 168 1463 ἐπὶ
190 1405 236 1483 τῷ
261 1395 466 1483 συμφέροντι
484 1395 550 1463 τότ’
572 1397 677 1480 αὐτήν
694 1400 952 1481 βεβουλεῦσθαι,
975 1397 1033 1462 ἵνα
1051 1399 1133 1481 μήτε

113 1513 155 1588 γῆ
182 1502 299 1591 χέρσος
326 1496 364 1588 ᾗ,
391 1501 447 1568 καὶ
470 1503 488 1569 ὁ
511 1503 572 1586 τήν
594 1506 694 1569 πόλιν
717 1505 882 1588 οἰκουρῶν
904 1501 1006 1587 πένης
1033 1505 1134 1589 ὄχλος

114 1611 159 1694 μή
179 1608 290 1695 ἀργός,
310 1608 420 1695 ὥσπερ
438 1619 503 1675 νῦν
522 1620 592 1686 τοῖς
610 1607 798 1696 ἀλλοτρίοις
816 1608 957 1692 ἀγαθοῖς
976 1615 1133 1694 φθονῶν,

116 1711 329 1801 ἐπιτρέφηται
352 1711 389 1779 δὲ
411 1723 451 1800 τῇ
473 1717 568 1780 πόλει
590 1717 706 1798 νεότης
729 1713 766 1781 ἐν
789 1713 953 1799 ἐφεστίοις
976 1713 1032 1781 καί
1054 1719 1133 1801 κλή-

76 1843 102 1884 15
116 1846 188 1909 ροις
209 1816 385 1907 πατρῴοις,
408 1821 530 1906 ἔχουσά
552 1844 584 1886 τι
602 1818 657 1887 καὶ
677 1819 729 1886 ἐπὶ
748 1829 793 1908 τῷ
813 1826 920 1899 καλῶς
937 1821 1134 1908 τεθράφθαι

80 1926 199 2012 6μέγα
221 1937 375 2012 φρονεῖν·
400 1924 470 1992 ἐπεὶ
493 1937 562 2004 τοίς
584 1925 617 2011 γ’
638 1926 794 2012 ἀκλήροις
814 1926 871 1993 καὶ
893 1926 1015 1993 ἐκτῶν
1034 1928 1134 1995 ἀλλο-

113 2038 216 2120 τρίων
238 2033 423 2119 κτημάτων,
446 2033 467 2098 δ
490 2040 616 2118 μισθοῦ
639 2032 848 2120 ἐργάζονται,
871 2037 1037 2121 γλίσχρως
1060 2037 1134 2100 δια.

114 2138 345 2226 τρεφομένοις,
373 2138 394 2224 ή
422 2138 569 2225 ἀρχήθεν
598 2141 642 2224 μή
670 2137 859 2225 ἐμφύεσθαι
887 2143 992 2227 ἐρωτα
1016 2150 1134 2224 γενεᾶς

115 2243 251 2330 τέκνων,
273 2246 294 2330 ή
318 2244 467 2332 ἐμφύντα
489 2249 639 2332 πονηρὸν
663 2242 814 2332 ἐκφέρειν
831 2249 961 2333 καρπὸν
979 2244 1035 2313 καὶ
1054 2245 1129 2313 οὐδ’

75 2375 101 2415 ιο
116 2352 252 2439 εὐτυχῆ,
278 2352 315 2418 ἐκ
341 2362 507 2418 ταπεινῶν
533 2375 568 2417 τε
592 2349 862 2438 συμπορισθέντα
885 2343 940 2418 οἷα
963 2354 1052 2430 εἰκὸς
1075 2354 1133 2437 γά-

80 2466 203 2544 Ίμων,
226 2457 341 2525 καὶέν
364 2456 687 2545 κατεπτωχευμέναις
709 2456 875 2544 τραφέντα
898 2459 1021 2544 τύχαις.
1068 2458 1192 2544 ἐγὼίεεο

115 2562 176 2650 μὲν
204 2560 282 2649 οὖν,
309 2568 389 2650 ἔφη,
415 2565 553 2649 γνώμην
581 2563 838 2650 ἀποδείκνυμαι,
866 2565 905 2630 τά
927 2587 963 2629 τε
985 2569 1132 2651 προβου-

115 2669 279 2738 λευθέντα
307 2672 372 2737 ὑπὸ
400 2681 461 2737 τοῦ
489 2673 667 2758 συνεδρίου
695 2669 750 2737 καί
773 2672 830 2736 διά
852 2673 910 2748 τὰς
932 2671 1053 2755 μεταξὺ
1077 2696 1132 2738 τα-

186 2941 204 2989 4
226 2934 325 3004 ἠξίουν
343 2934 366 2987 Β
458 2941 473 2989 6
497 2933 534 2989 διν
552 2935 618 3003 post
636 2932 739 2996 πάντες
758 2934 823 2990 add.
843 2933 932 2988 Cobet
951 2932 1016 2988 Obs.
1035 2952 1063 3004 p.
1080 2941 1130 2990 183

115 3012 206 3078 8193·
226 3006 302 3079 νόμφ
322 3004 373 3059 ΑΟ
447 3011 530 3074 9τής
548 3005 613 3060 add.
631 3004 735 3059 Reiske
809 3011 842 3059 12
862 3003 947 3058 οίκών
966 3022 990 3059 ο.
1005 3004 1128 3078 Reiskel

116 3079 196 3149 όχλος
219 3094 272 3131 om.
293 3077 315 3132 O
334 3077 448 3146 praeter
464 3074 569 3146 Λῦσις
678 3081 711 3129 13
734 3077 800 3145 post
818 3075 904 3146 ἀργὸς
925 3079 975 3130 aut
992 3080 1061 3145 post
1078 3085 1130 3132 νῦν

114 3149 219 3204 Reiske
237 3152 365 3217 καθῆται
383 3147 447 3203 εδδ.
522 3153 555 3201 14
574 3146 606 3202 δὲ
626 3164 679 3201 om.
698 3146 750 3200 AB
824 3151 857 3200 15
876 3148 1005 3216 πατρίοις
1023 3148 1046 3201 Β
1063 3151 1068 3217 Ι
1088 3167 1131 3203 τε·

114 3219 246 3292 τράφθαι
265 3218 288 3273 Ο
308 3236 377 3275 corr.
397 3218 486 3274 Cobet
504 3217 570 3274 Obs.
589 3236 616 3287 p.
638 3222 688 3272 183
763 3224 796 3273 17
815 3216 963 3288 χρημάτων
983 3216 1006 3271 Ο
1025 3218 1130 3290 κτημά-

115 3311 172 3346 των
196 3290 319 3360 Sylburg
346 3311 387 3372 χρ.
411 3290 482 3361 πρὸς
504 3288 522 3343 δι
549 3306 572 3345 ο.
595 3288 698 3343 Reiske
728 3290 732 3357 Ι
761 3291 827 3357 post
850 3286 1084 3359 διατρεφομένοις
1106 3307 1129 3345 ο.

115 3360 219 3416 Reiske
238 3360 347 3431 ἀνάγκη
367 3361 546 3416 mserendum
564 3376 625 3414 esse
700 3366 733 3415 19
752 3359 848 3416 οὐδενὶ
867 3361 968 3431 εὐτυχῆ
988 3377 1012 3416 ο.
1026 3360 1130 3416 Reiske

71 3430 225 3616 40st
242 3449 296 3488 om.
315 3431 368 3485 AB
