2424 3848
521 185 687 233 ..Η-

97 355 155 430 τῆς
176 348 302 422 πόλεως
324 342 380 409 καὶ
402 344 442 408 τά
464 346 571 428 τείχη,
599 347 643 427 μή
671 368 720 421 τις
747 345 916 430 αἰφνίδιος
943 347 1111 428 πολεμίων

96 451 232 536 γένηται
256 453 377 536 ἔφοδος
400 449 693 535 ἐξεστρατευμένης
715 460 772 534 τῆς
794 453 947 536 νεότητος
970 449 1110 536 ἀθρόας·

19 559 254 642 ιοουὴγεῑσθαι
277 554 314 622 δὲ
337 567 394 641 τῆς
417 558 589 640 δυνάμεως
611 559 731 641 ταύτης
752 553 868 625 Αὖλον
890 558 1112 644 Σεμπρώνιον

91 663 304 752 Ἀτρατῖνον,
333 664 440 748 ἀνδρα
469 656 536 729 τῶύ
565 664 744 729 ὑπατικῶν.
797 663 925 747 ἐγίνετο
955 661 993 729 δέ
1016 662 1107 730 ταῦτ’

96 773 140 838 οὐ
164 772 221 836 διά
243 781 381 856 μακροῦ.
1135 793 1152 832 ε

166 877 265 942 LXV.
299 874 469 953 Ἀκύλλιος
496 873 558 960 μδν
586 872 648 942 οὖν
676 878 792 962 ἅτερος
818 888 885 943 τῶν
913 877 1049 943 ὑπάτων
1077 877 1114 943 ἐν

96 993 137 1070 τη
162 988 420 1068 Πραινεστηνῶν
448 985 539 1070 χώρᾳ
569 985 628 1048 τὸν
646 981 807 1068 Ἑρνίκων
831 986 971 1068 στρατὸν
994 983 1114 1068 ὑπομέ-

99 1114 203 1158 νοντα
225 1091 421 1174 καταλαβὼν
444 1089 877 1176 ἀντικατεστρατοπέδευσεν
900 1090 945 1166 ὡς
973 1089 1114 1156 ἐδύνατο

99 1194 229 1282 μάλιστ’
262 1196 429 1283 ἀγχοτάτω
458 1199 613 1274 σταδίους
640 1197 704 1264 ἀπὸ
734 1206 792 1281 τῆς
813 1195 938 1281 Ῥώμης
961 1195 1115 1281 ἀποσχὼν

100 1305 203 1393 ὀλίγῳ
225 1308 361 1380 πλείους
389 1304 583 1368 διακοσίων·
611 1308 704 1390 τρίτη
733 1300 763 1368 δ’
791 1301 848 1390 ἀφ’
874 1299 914 1388 ἧς
940 1320 1116 1388 κατεστρα-
1130 1322 1156 1362 10

100 1409 300 1476 τοπέδευσεν
321 1408 442 1497 ἡμέρη,
473 1413 710 1496 προελθόντων
739 1410 774 1475 ἐκ
801 1421 862 1477 τοῦ
884 1410 1027 1497 χάρακος
1049 1420 1116 1475 τῶν

95 1515 258 1604 Ἑρνίκων
286 1518 334 1593 είς
355 1518 392 1582 τὸ
421 1517 538 1582 πεδίον
562 1516 599 1582 έν
628 1516 717 1595 τάξει
739 1514 795 1582 καὶ
817 1518 857 1582 τὰ
881 1514 988 1602 σημεί
1015 1515 1117 1603 ἀράν-

100 1647 166 1689 των
193 1632 252 1706 τῆς
279 1623 400 1708 μάχης,
428 1621 585 1707 ἀντεξῆγε
612 1622 667 1689 καὶ
694 1623 794 1701 αὐτὸς
820 1624 882 1708 την
912 1624 1056 1708 δύναμιν
1080 1621 1117 1687 ἐν

100 1733 213 1820 κόσμῳ
236 1753 271 1795 τε
293 1728 348 1794 καὶ
370 1731 453 1796 κατὰ
476 1729 562 1815 τέλη.
608 1729 677 1796 ἐπεὶ
702 1729 731 1795 δ’
755 1730 860 1817 ἀγχοῦ
881 1729 1036 1815 ἐγένοντο
1060 1727 1151 1796 ἀλ-2

101 1840 213 1921 ληλων
236 1839 336 1903 ἔθεον
359 1836 579 1915 ἀλαλάξαντες
597 1838 709 1922 ὁμόσε,
731 1849 865 1923 πρῶτον
888 1835 949 1923 μὲν
970 1838 1006 1903 οί
1024 1833 1118 1915 ψιλοὶ
1133 1853 1159 1894 ω

101 1947 252 2008 σαυνίων
273 1966 308 2008 τε
331 1947 447 2027 βολαίς
464 1942 520 2009 καὶ
537 1942 713 2028 τοξεύμασι
731 1942 786 2009 καὶ
805 1948 916 2021 λίθοις
934 1943 997 2008 ἀπὸ
1018 1960 1118 2028 σφεν-

102 2051 203 2134 δόνης
231 2051 428 2134 μαχόμενοι,
457 2048 513 2115 καὶ
539 2051 645 2115 πολλά
672 2052 841 2136 τραύματα
868 2051 990 2116 ἔδοσαν
1020 2048 1119 2133 ἀλλη-

102 2161 185 2233 λοις·
223 2158 333 2220 ἔπειτα
371 2156 479 2235 ίππείς
516 2157 650 2222 ίππεῠσι
689 2157 908 2243 συρράττουσι
939 2151 1010 2221 κατ’
1047 2159 1120 2232 ίλας

103 2258 299 2339 ἐλαύνοντες
321 2261 377 2328 καὶ
399 2267 437 2329 τὸ
461 2266 559 2342 πεζὸν
581 2272 626 2352 τῷ
650 2266 734 2351 πεζῷ
759 2264 840 2328 κατά
861 2267 995 2349 σπείρας
1017 2264 1119 2348 μαχό-

31 2385 215 2453 166ομενον.
261 2371 346 2435 ἔνθα
377 2371 418 2453 δὴ
442 2371 542 2447 καλὸς
564 2368 655 2454 ἀγὼν
678 2364 721 2453 ἦν
745 2368 899 2454 ἐκθύμως
921 2366 1118 2456 ἀμφοτέρων
1132 2389 1158 2429 εο

102 2473 371 2560 ἀγωνιζομένων,
400 2472 455 2539 καὶ
485 2473 579 2560 μέχρι
607 2480 735 2541 πολλοῦ
763 2474 917 2559 διέμενον
946 2473 1117 2560 οὐδέτεροι

102 2593 171 2658 τοῖς
200 2578 323 2665 ἑτέροις
349 2590 408 2647 τοῦ
435 2584 576 2666 χωρίου,
608 2581 645 2647 ἐν
675 2575 701 2670 ᾧ
730 2581 933 2666 ἐτάχθησαν,
961 2587 1116 2656 είκοντες.

104 2691 213 2754 ἔπειτα
240 2687 261 2771 ἡ
290 2686 456 2771 Ῥωμαίων
482 2687 603 2774 ἤρξατο
633 2689 771 2772 κάμνειν
798 2687 943 2774 φάλαγξ,
975 2677 1029 2753 οἷα
1061 2685 1118 2750 διδι

103 2800 230 2861 πολλοῦ
256 2804 317 2861 τοῦ
344 2793 464 2877 μεταξὺ
486 2796 611 2879 χρόνου
633 2797 706 2860 τότε
728 2806 860 2880 πρῶτον
882 2790 1116 2879 ἠναγκασμένη

105 2901 233 2986 ὁμιλεῖν
264 2900 406 2990 πολέμφ.
460 2910 558 2968 τοῦτο
592 2902 739 2967 συνιδὼν
764 2898 936 2978 Ἀκύλλιος
967 2863 1158 2976 ἐκέλευσεὲς

105 3011 184 3086 τοὺς
210 3007 354 3092 ἀκμῆτας
381 3009 428 3072 ἐτι
456 3006 510 3072 καὶ
542 3010 589 3084 είς
614 3008 694 3073 αὐτὸ
722 3017 820 3072 τοῦτο
848 3004 1120 3090 φυλαττομένους

178 3232 349 3303 4Ἀτράτιον
367 3232 419 3286 AB
494 3234 588 3304 Ιίτδν]
608 3242 663 3288 τῶν
682 3235 707 3286 Α
785 3239 817 3287 12
838 3232 1011 3306 <ἀ>ράντων
1030 3233 1053 3285 Β
1072 3249 1121 3301 ση-

108 3311 172 3374 μεῖα
190 3305 320 3375 ἀράντων
340 3305 362 3358 Ο
449 3311 483 3358 14
501 3322 552 3373 pro
571 3305 659 3375 ἀγχοῦ
679 3304 859 3359 scribendum
878 3321 939 3359 esse
957 3306 1077 3373 πλησίον
1096 3322 1120 3360 c.

107 3375 196 3431 Krebs
215 3375 491 3444 Praepositionsadv.
512 3377 524 3428 Ι
542 3378 636 3447 (1884)
652 3395 679 3446 p.
696 3381 728 3430 13
804 3381 836 3431 17
856 3375 904 3430 καὶ
923 3378 990 3429 ante
1009 3383 1121 3444 πρῶτον

107 3453 182 3503 v.15
202 3447 398 3503 collocandum
417 3463 478 3502 esse
496 3463 520 3501 ο.
536 3446 658 3517 Sylburg
718 3453 765 3502 [20
783 3439 819 3515 ἦν
840 3463 925 3516 supra,
943 3447 992 3502 lin.
1012 3446 1035 3499 Β
