2424 3848
554 180 717 228 -z-
1098 172 1141 241 53

123 341 260 428 ἀρχεῖον
283 349 342 424 τῆς
364 341 413 416 είς
435 342 512 415 τοὺς
535 333 766 424 ἀγορανόμους
787 337 915 423 ὕβρεως
938 336 1061 423 ἕνεκεν,
1084 337 1144 416 οὓς

122 457 162 535 τῇ
186 444 332 534 προτέρᾳ
354 457 422 516 τῶν
439 445 573 530 ήμερῶν
590 446 684 529 άγειν
703 445 805 511 αὐτὸν
823 442 1062 522 κελευσθέντας
1079 441 1139 530 ὑφ’

123 555 238 621 αὑτῶν
265 554 398 619 τύπτων
426 550 608 636 ἀπήλασεν·
637 550 764 638 οὐγὰρ
788 549 911 637 ἕτέρων
933 562 1035 616 τινῶν
1058 546 1145 635 εἶναι

122 664 183 728 τὸν
206 661 483 745 προπηλακισμὸν
506 660 565 724 τὸν
588 660 636 735 είς
657 661 736 735 τοὺς
753 655 917 743 ὑπηρέτας
935 668 1032 743 σφῶν
1050 660 1144 741 γενό

122 791 230 853 μενον
252 766 274 850 ή
296 776 363 831 τῶν
385 765 623 832 κελευσάντων.
669 762 724 829 καὶ
746 761 836 830 ταῦτ’
864 765 967 830 είπόον
990 741 1186 856 ἐπέταξενξ

123 876 222 958 ἀγειν
250 873 352 939 αὐτὸν
380 870 433 937 ἐπὶ
455 874 514 938 τὸν
537 872 775 956 ὑπερκείμενον
797 880 855 955 τῆς
877 870 1000 958 ἀγορᾶς
1023 874 1144 956 λόφον·

55 982 198 1050 1389ἐστι
223 975 261 1044 δέ
282 980 321 1044 τὸ
343 982 467 1065 χωρίον
489 980 635 1064 κρημνὸς
657 976 809 1062 ἐξαίσιος,
832 978 915 1043 ὅθεν
933 976 1047 1055 αὐτοῖς
1065 980 1145 1055 ἔθος

122 1083 168 1172 ήυ
192 1069 331 1171 βάλλειν
347 1087 426 1162 τοὺς
444 1082 690 1160 ἐπιθανατίους.
727 1084 763 1149 οί
778 1080 840 1168 μέν
859 1078 922 1148 οὖν
940 1082 1144 1170 ἀγορανόμοι

122 1189 318 1279 προσῄεσαν
341 1190 386 1267 ὠς
408 1189 644 1274 ἐπιληψόμενοι
663 1199 723 1256 τοῦ
742 1191 902 1274 σώματος,
925 1181 1013 1255 οίδέ
1031 1193 1145 1275 πατρί-

122 1322 193 1365 κιοι
225 1295 309 1382 μίγα
341 1293 562 1381 ἐμβοήσαντες
594 1296 752 1381 ὥρμησαν
782 1291 832 1360 ἐπ’
862 1295 983 1372 αὐτοὺς
1010 1294 1144 1381 ἀθρόοι·
1159 1316 1185 1356 ιο

122 1399 234 1471 ἔπειθ’
258 1403 277 1470 ὁ
301 1404 405 1487 δῆμος
427 1400 481 1480 ἐπὶ
504 1406 582 1480 τοὺς
599 1406 803 1489 πατρικίους·
825 1396 942 1486 καλήν
959 1402 1065 1485 πολλή
1083 1398 1145 1486 μέν

126 1515 236 1597 ἔργων
265 1508 422 1592 ἀκοσμία,
447 1497 554 1593 πολλή
582 1503 621 1573 δέ
647 1510 758 1590 λόγων
785 1507 884 1595 ύβρις
906 1504 982 1593 παρ’
1008 1507 1145 1594 ἀμφοῖν,

126 1617 280 1701 ὠθισμοί
307 1637 342 1680 τε
370 1612 426 1681 καὶ
454 1624 575 1701 χειρῶν
602 1613 762 1699 ἐπιβολαί.
806 1616 999 1700 κατελήφθη
1028 1610 1065 1680 δέ
1091 1613 1182 1683 καὶὸ

126 1732 321 1810 σωφρονεῖν
344 1721 539 1806 ἠναγκάσθη
563 1723 603 1786 τά
625 1731 872 1807 παρακινοῦντα
894 1720 959 1787 ὑπὸ
977 1733 1045 1787 τῶν
1062 1722 1146 1787 ὑπά-
1203 1806 1208 1814 1

125 1855 198 1897 των
226 1826 438 1915 βιασαμένων
460 1829 508 1905 είς
529 1826 650 1912 μίσους
672 1825 728 1892 καὶ
750 1839 819 1906 τοῖς
843 1828 1043 1914 ῥαβδούχοις
1065 1826 1145 1893 ἀνα-
1159 1847 1185 1888 15

127 1935 281 2003 στέλλειν
308 1934 537 2000 κελευσάντων
562 1937 640 2011 τοὺς
667 1935 799 2020 ὄχλους·
828 1936 970 2018 τοσαύτη
998 1936 1062 2019 ἄρα
1089 1944 1147 2018 τῆς

127 2043 234 2129 ἀρχῆς
256 2042 358 2118 αίδὼς
380 2036 423 2125 ήν
445 2051 514 2118 τοῖς
536 2043 609 2106 τότε
632 2036 836 2124 ἀνθρώποις,
858 2038 913 2105 καὶ
931 2040 1018 2106 οὕτω
1037 2043 1147 2125 τίμιον

127 2151 168 2215 τὸ
195 2157 255 2232 τῆς
281 2151 452 2233 βασιλικής
480 2145 630 2225 ἐξουσίας
657 2150 794 2231 μίμημα.
840 2143 891 2232 ἐφ’
917 2137 967 2222 οἷς
990 2145 1008 2211 ό
1031 2150 1147 2212 Σικίν-

125 2279 204 2333 νιος
231 2251 409 2339 ἀδημονῶν
436 2251 491 2319 καὶ
519 2254 814 2338 διαταραττόμενος
837 2253 1011 2337 εὐλαβείας
1033 2275 1067 2317 τε
1090 2277 1146 2338 με-

126 2364 209 2438 στὸς
227 2362 286 2444 ὥν,
304 2362 349 2445 μή
367 2360 624 2447 προσαναγκάσῃ
642 2362 720 2436 τοὺς
739 2360 922 2445 διαφόρους
939 2370 1008 2436 τοϊς
1024 2361 1146 2444 βιαίοις
1160 2379 1187 2421 εο

127 2469 170 2534 τὰ
194 2470 286 2552 βίαια
309 2473 424 2551 λῦσαι,
451 2465 634 2551 ἀποστῆναι
656 2462 684 2531 τ’
709 2465 771 2532 οόκ
794 2464 896 2544 ἀξιῶν
918 2474 979 2532 τοῦ
1002 2465 1147 2552 ἐγχειρή-
1186 2467 1187 2471 ’

126 2598 242 2660 ματος,
265 2572 379 2657 ἐπειδή
402 2571 485 2651 άπαξ
510 2571 695 2657 ἐπεβάλετο,
717 2569 772 2636 καί
791 2569 902 2656 μένειν
921 2567 972 2657 ἐφ’
992 2562 1042 2647 οἷς
1061 2573 1147 2656 ἐκρι-

126 2705 189 2749 νεν
212 2678 255 2747 ού
278 2681 419 2761 δυνατὸς
442 2680 506 2763 ὥν,
533 2681 636 2756 πολὺς
659 2676 696 2743 ἐν
717 2687 763 2766 τῷ
788 2688 939 2761 σκοπεῖν,
970 2677 988 2741 ὅ
1011 2699 1042 2741 τι
1064 2698 1147 2761 πρα-

64 2833 70 2844 ,
127 2787 228 2855 κτέον
251 2781 303 2871 ήν.

49 2914 125 2964 1390
199 2891 349 2958 XXXVI.
387 2891 543 2957 Κατιδὼν
568 2886 599 2957 δ’
624 2892 726 2958 αὐτὸν
748 2890 982 2976 ἀμηχανοῦντα
1005 2889 1186 2966 Λεύκιοςκ

122 2998 267 3077 Ἰούνιος
282 3002 442 3084 Βροῦτος,
461 2997 585 3076 ἐκεῖνος
604 2999 622 3064 ό
642 3000 837 3084 δημαγωγὸς
856 2997 874 3062 ὁ
892 2995 1145 3081 τεχνησάμενος,

199 3164 216 3211 8
236 3154 349 3229 βάλλειν
363 3147 399 3223 ἦν
413 3153 439 3207 A
458 3161 463 3224 Ι
484 3149 699 3226 ἐπιθανατίους]
719 3154 905 3216 ὑπεναντίους
919 3151 970 3207 Ac
1027 3160 1059 3208 13
1078 3174 1145 3208 κατ-

123 3229 249 3297 ελείφθη
270 3226 296 3280 A
318 3225 484 3295 κατελήφθη
503 3227 527 3280 Β
550 3225 693 3293 κατελύθη
712 3242 735 3279 ο.
754 3224 855 3277 Portus
930 3229 961 3277 17
981 3226 1102 3295 *τίμιον
1120 3246 1143 3281 τ.

125 3301 151 3374 β.
172 3294 303 3366 ἐξουσίας
320 3297 352 3351 τό
370 3299 474 3366 τίμημα
492 3297 518 3351 A
539 3318 563 3352 τ.
582 3297 614 3350 τό
632 3315 655 3350 τ.
675 3296 700 3368 β.
721 3291 742 3350 ἐ.
760 3296 865 3366 τίμημα
883 3295 906 3348 Β
929 3295 962 3351 τὸ
980 3303 1034 3352 οωῤ
1054 3298 1074 3351 C
1093 3313 1144 3366 pro

123 3374 233 3454 τίμημα
263 3368 340 3437 quod
363 3370 525 3436 corruptum
547 3385 615 3422 εεεο.
632 3369 751 3436 apparet
774 3383 807 3421 ομ
822 3365 946 3422 Sintenis
970 3375 1061 3439 σχῆμα
1083 3369 1144 3422 Em.

124 3444 208 3499 Dlon.
227 3441 270 3496 ΙΙΙ
289 3445 337 3507 20,
356 3438 465 3509 μίμημα
483 3455 535 3509 ego
