<?xml version="1.0" encoding="UTF-8"?>
<!DOCTYPE html PUBLIC "-//W3C//DTD XHTML 1.0 Transitional//EN"
    "http://www.w3.org/TR/xhtml1/DTD/xhtml1-transitional.dtd">
<html xmlns="http://www.w3.org/1999/xhtml" xml:lang="en" lang="en">
 <head>
  <title>
</title>
<meta http-equiv="Content-Type" content="text/html;charset=utf-8" />
  <meta name='ocr-system' content='tesseract 3.04.00' />
  <meta name='ocr-capabilities' content='ocr_page ocr_carea ocr_par ocr_line ocrx_word'/>
</head>
<body>
  <div class='ocr_page' id='page_1' title='image "./dionysihalicarn04diongoog_0170.png"; bbox 0 0 2424 3848; ppageno 0'>
   <div class='ocr_carea' id='block_1_1' title="bbox 500 159 1090 226">
    <p class='ocr_par' dir='ltr' id='par_1_1' title="bbox 500 159 1090 226">
     <span class='ocr_line' id='line_1_1' title="bbox 500 159 1090 226; baseline 0.005 -3"><span class='ocrx_word' id='word_1_1' title='bbox 500 161 667 211; x_wconf 88' lang='lat' dir='ltr'><strong><em>-H-</em></strong></span> <span class='ocrx_word' id='word_1_2' title='bbox 1025 159 1090 226; x_wconf 83' lang='lat'><strong><em>159</em></strong></span> 
     </span>
    </p>
   </div>
   <div class='ocr_carea' id='block_1_2' title="bbox 46 298 1130 2952">
    <p class='ocr_par' dir='ltr' id='par_1_2' title="bbox 46 298 1130 2952">
     <span class='ocr_line' id='line_1_2' title="bbox 74 298 1090 407; baseline 0.003 -23"><span class='ocrx_word' id='word_1_3' title='bbox 74 316 234 403; x_wconf 75' lang='grc' dir='ltr'><strong><em>γενέσθω</em></strong></span> <span class='ocrx_word' id='word_1_4' title='bbox 265 315 321 383; x_wconf 79' lang='grc' dir='ltr'><strong><em>καί</em></strong></span> <span class='ocrx_word' id='word_1_5' title='bbox 350 317 497 398; x_wconf 99' lang='grc' dir='ltr'><strong><em>ἀθύτους</em></strong></span> <span class='ocrx_word' id='word_1_6' title='bbox 526 298 581 386; x_wconf 79' lang='grc' dir='ltr'><strong><em>καὶ</em></strong></span> <span class='ocrx_word' id='word_1_7' title='bbox 608 331 712 405; x_wconf 84' lang='grc' dir='ltr'><strong><em>τιμῶν</em></strong></span> <span class='ocrx_word' id='word_1_8' title='bbox 739 323 890 405; x_wconf 84' lang='grc' dir='ltr'><em>νομίμων</em></span> <span class='ocrx_word' id='word_1_9' title='bbox 917 320 1090 407; x_wconf 86' lang='grc' dir='ltr'><strong><em>ἀμοίρους;</em></strong></span> 
     </span>
     <span class='ocr_line' id='line_1_3' title="bbox 74 422 1127 516; baseline 0.003 -25"><span class='ocrx_word' id='word_1_10' title='bbox 74 424 136 511; x_wconf 79' lang='grc' dir='ltr'><strong><em>ἐγὼ</em></strong></span> <span class='ocrx_word' id='word_1_11' title='bbox 171 422 233 511; x_wconf 72' lang='grc' dir='ltr'><strong><em>μὲν</em></strong></span> <span class='ocrx_word' id='word_1_12' title='bbox 267 424 329 492; x_wconf 88' lang='grc' dir='ltr'><strong><em>οὑκ</em></strong></span> <span class='ocrx_word' id='word_1_13' title='bbox 360 424 476 509; x_wconf 78' lang='grc' dir='ltr'><strong><em>ἠξίουν</em></strong></span> <span class='ocrx_word' id='word_1_14' title='bbox 506 426 628 512; x_wconf 87' lang='grc' dir='ltr'><strong><em>ἀνδρα,</em></strong></span> <span class='ocrx_word' id='word_1_15' title='bbox 661 426 725 516; x_wconf 83' lang='grc' dir='ltr'><strong><em>ὅτφ</em></strong></span> <span class='ocrx_word' id='word_1_16' title='bbox 755 425 893 514; x_wconf 79' lang='grc' dir='ltr'><strong><em>φροντίς</em></strong></span> <span class='ocrx_word' id='word_1_17' title='bbox 922 427 1127 512; x_wconf 76' lang='grc' dir='ltr'><strong><em>δποσηοῦν2</em></strong></span> 
     </span>
     <span class='ocr_line' id='line_1_4' title="bbox 46 529 1090 619; baseline 0.005 -25"><span class='ocrx_word' id='word_1_18' title='bbox 46 530 192 616; x_wconf 73' lang='grc' dir='ltr'><strong><em>ἰτάρετῆς</em></strong></span> <span class='ocrx_word' id='word_1_19' title='bbox 215 529 323 616; x_wconf 88' lang='grc' dir='ltr'><strong><em>ἐστιν,</em></strong></span> <span class='ocrx_word' id='word_1_20' title='bbox 338 532 422 599; x_wconf 79' lang='grc' dir='ltr'><strong><em>,οὔτε</em></strong></span> <span class='ocrx_word' id='word_1_21' title='bbox 445 545 661 618; x_wconf 75' lang='grc' dir='ltr'><strong><em>συναναιρεῖν</em></strong></span> <span class='ocrx_word' id='word_1_22' title='bbox 684 545 752 610; x_wconf 79' lang='grc' dir='ltr'><strong><em>τοῖς</em></strong></span> <span class='ocrx_word' id='word_1_23' title='bbox 775 532 910 619; x_wconf 79' lang='grc' dir='ltr'><em>ἐχθροῖς</em></span> <span class='ocrx_word' id='word_1_24' title='bbox 932 535 972 599; x_wconf 84' lang='grc' dir='ltr'><strong><em>τά</em></strong></span> <span class='ocrx_word' id='word_1_25' title='bbox 995 538 1090 619; x_wconf 92' lang='grc' dir='ltr'><strong><em>φίλια</em></strong></span> 
     </span>
     <span class='ocr_line' id='line_1_5' title="bbox 72 634 1090 726; baseline 0.002 -22"><span class='ocrx_word' id='word_1_26' title='bbox 72 639 148 704; x_wconf 84' lang='grc' dir='ltr'><strong><em>ούτε</em></strong></span> <span class='ocrx_word' id='word_1_27' title='bbox 178 639 324 723; x_wconf 90' lang='grc' dir='ltr'><strong><em>χαλεπὸν</em></strong></span> <span class='ocrx_word' id='word_1_28' title='bbox 355 637 459 724; x_wconf 76' lang='grc' dir='ltr'><strong><em>ὀργὴν</em></strong></span> <span class='ocrx_word' id='word_1_29' title='bbox 489 634 576 705; x_wconf 72' lang='grc' dir='ltr'><strong><em>εἶναι</em></strong></span> <span class='ocrx_word' id='word_1_30' title='bbox 604 637 660 705; x_wconf 86' lang='grc' dir='ltr'><strong><em>καὶ</em></strong></span> <span class='ocrx_word' id='word_1_31' title='bbox 687 639 910 726; x_wconf 88' lang='grc' dir='ltr'><strong><em>ἀπαραίτητον</em></strong></span> <span class='ocrx_word' id='word_1_32' title='bbox 938 642 984 718; x_wconf 87' lang='grc' dir='ltr'><strong><em>είς</em></strong></span> <span class='ocrx_word' id='word_1_33' title='bbox 1012 643 1090 717; x_wconf 83' lang='grc' dir='ltr'><strong><em>τοὺς</em></strong></span> 
     </span>
     <span class='ocr_line' id='line_1_6' title="bbox 72 743 1130 831; baseline 0.001 -22"><span class='ocrx_word' id='word_1_34' title='bbox 72 743 357 830; x_wconf 82' lang='grc' dir='ltr'><strong><em>ἐξαμαρτάνοντάς</em></strong></span> <span class='ocrx_word' id='word_1_35' title='bbox 374 767 406 809; x_wconf 91' lang='grc' dir='ltr'><strong><em>τι</em></strong></span> <span class='ocrx_word' id='word_1_36' title='bbox 423 743 500 831; x_wconf 79' lang='grc' dir='ltr'><strong><em>περὶ</em></strong></span> <span class='ocrx_word' id='word_1_37' title='bbox 518 745 633 830; x_wconf 89' lang='grc' dir='ltr'><strong><em>αὑτόν,</em></strong></span> <span class='ocrx_word' id='word_1_38' title='bbox 652 747 760 823; x_wconf 89' lang='grc' dir='ltr'><strong><em>άλλως</em></strong></span> <span class='ocrx_word' id='word_1_39' title='bbox 776 769 812 811; x_wconf 85' lang='grc' dir='ltr'><strong><em>τε</em></strong></span> <span class='ocrx_word' id='word_1_40' title='bbox 829 744 885 812; x_wconf 81' lang='grc' dir='ltr'><strong><em>καλ</em></strong></span> <span class='ocrx_word' id='word_1_41' title='bbox 904 749 997 824; x_wconf 91' lang='grc' dir='ltr'><strong><em>δίκας</em></strong></span> <span class='ocrx_word' id='word_1_42' title='bbox 1009 743 1086 831; x_wconf 90' lang='grc' dir='ltr'><strong><em>παρ’</em></strong></span> <span class='ocrx_word' id='word_1_43' title='bbox 1116 770 1130 810; x_wconf 82' lang='grc' dir='ltr'><strong><em>ι</em></strong></span> 
     </span>
     <span class='ocr_line' id='line_1_7' title="bbox 72 847 1125 936; baseline 0.003 -21"><span class='ocrx_word' id='word_1_44' title='bbox 72 849 184 916; x_wconf 83' lang='grc' dir='ltr'><strong><em>αὐτῶν</em></strong></span> <span class='ocrx_word' id='word_1_45' title='bbox 207 852 365 936; x_wconf 78' lang='grc' dir='ltr'><strong><em>εἰληφότα</em></strong></span> <span class='ocrx_word' id='word_1_46' title='bbox 387 852 512 929; x_wconf 88' lang='grc' dir='ltr'><strong><em>πολλάς</em></strong></span> <span class='ocrx_word' id='word_1_47' title='bbox 534 849 589 917; x_wconf 81' lang='grc' dir='ltr'><strong><em>καλ</em></strong></span> <span class='ocrx_word' id='word_1_48' title='bbox 612 852 763 936; x_wconf 78' lang='grc' dir='ltr'><strong><em>μεγάλας.</em></strong></span> <span class='ocrx_word' id='word_1_49' title='bbox 800 851 820 918; x_wconf 84' lang='grc' dir='ltr'><strong><em>δ</em></strong></span> <span class='ocrx_word' id='word_1_50' title='bbox 844 848 905 936; x_wconf 75' lang='grc' dir='ltr'><strong><em>μὲν</em></strong></span> <span class='ocrx_word' id='word_1_51' title='bbox 928 847 991 918; x_wconf 87' lang='grc' dir='ltr'><strong><em>οὖν</em></strong></span> <span class='ocrx_word' id='word_1_52' title='bbox 1009 851 1125 924; x_wconf 90' lang='grc' dir='ltr'><strong><em>ἀπο-3</em></strong></span> 
     </span>
     <span class='ocr_line' id='line_1_8' title="bbox 71 953 1089 1043; baseline 0.002 -22"><span class='ocrx_word' id='word_1_53' title='bbox 71 957 250 1039; x_wconf 77' lang='grc' dir='ltr'><strong><em>λογεῖσθαί</em></strong></span> <span class='ocrx_word' id='word_1_54' title='bbox 272 979 308 1021; x_wconf 91' lang='grc' dir='ltr'><strong><em>τε</em></strong></span> <span class='ocrx_word' id='word_1_55' title='bbox 335 953 411 1043; x_wconf 80' lang='grc' dir='ltr'><strong><em>περὶ</em></strong></span> <span class='ocrx_word' id='word_1_56' title='bbox 437 956 532 1041; x_wconf 78' lang='grc' dir='ltr'><strong><em>ἡμῶν</em></strong></span> <span class='ocrx_word' id='word_1_57' title='bbox 560 957 669 1023; x_wconf 84' lang='grc' dir='ltr'><strong><em>αὐτῶν</em></strong></span> <span class='ocrx_word' id='word_1_58' title='bbox 692 963 824 1043; x_wconf 85' lang='grc' dir='ltr'><strong><em>είχομεν</em></strong></span> <span class='ocrx_word' id='word_1_59' title='bbox 846 955 901 1022; x_wconf 78' lang='grc' dir='ltr'><strong><em>καὶ</em></strong></span> <span class='ocrx_word' id='word_1_60' title='bbox 923 970 1089 1043; x_wconf 82' lang='grc' dir='ltr'><strong><em>παραιτεῑ·</em></strong></span> 
     </span>
     <span class='ocr_line' id='line_1_9' title="bbox 72 1059 1088 1148; baseline 0.001 -20"><span class='ocrx_word' id='word_1_61' title='bbox 72 1065 158 1128; x_wconf 86' lang='grc' dir='ltr'><strong><em>σθαί</em></strong></span> <span class='ocrx_word' id='word_1_62' title='bbox 178 1079 215 1127; x_wconf 90' lang='grc' dir='ltr'><strong><em>σε</em></strong></span> <span class='ocrx_word' id='word_1_63' title='bbox 238 1059 404 1147; x_wconf 80' lang='grc' dir='ltr'><strong><em>περὶτῶν</em></strong></span> <span class='ocrx_word' id='word_1_64' title='bbox 427 1064 626 1147; x_wconf 77' lang='grc' dir='ltr'><strong><em>δημοτικῶν,</em></strong></span> <span class='ocrx_word' id='word_1_65' title='bbox 649 1061 740 1130; x_wconf 86' lang='grc' dir='ltr'><strong><em>ταῦτ’</em></strong></span> <span class='ocrx_word' id='word_1_66' title='bbox 759 1062 864 1148; x_wconf 85' lang='grc' dir='ltr'><strong><em>ἐστιν,</em></strong></span> <span class='ocrx_word' id='word_1_67' title='bbox 887 1063 908 1129; x_wconf 83' lang='grc' dir='ltr'><strong><em>δ</em></strong></span> <span class='ocrx_word' id='word_1_68' title='bbox 928 1060 958 1128; x_wconf 90' lang='grc' dir='ltr'><strong><em>δ’</em></strong></span> <span class='ocrx_word' id='word_1_69' title='bbox 975 1064 1088 1129; x_wconf 89' lang='grc' dir='ltr'><strong><em>ὑποτί-</em></strong></span> 
     </span>
     <span class='ocr_line' id='line_1_10' title="bbox 71 1164 1089 1255; baseline 0.002 -23"><span class='ocrx_word' id='word_1_70' title='bbox 71 1170 201 1234; x_wconf 87' lang='grc' dir='ltr'><strong><em>θεσθαί</em></strong></span> <span class='ocrx_word' id='word_1_71' title='bbox 225 1184 279 1232; x_wconf 91' lang='grc' dir='ltr'><strong><em>σοι</em></strong></span> <span class='ocrx_word' id='word_1_72' title='bbox 307 1164 351 1232; x_wconf 90' lang='grc' dir='ltr'><strong><em>δι’</em></strong></span> <span class='ocrx_word' id='word_1_73' title='bbox 378 1168 515 1234; x_wconf 87' lang='grc' dir='ltr'><strong><em>εύνοιαν</em></strong></span> <span class='ocrx_word' id='word_1_74' title='bbox 543 1168 578 1234; x_wconf 89' lang='grc' dir='ltr'><strong><em>οί</em></strong></span> <span class='ocrx_word' id='word_1_75' title='bbox 601 1170 789 1253; x_wconf 85' lang='grc' dir='ltr'><strong><em>τιμιώτατοι</em></strong></span> <span class='ocrx_word' id='word_1_76' title='bbox 816 1172 926 1255; x_wconf 89' lang='grc' dir='ltr'><strong><em>φίλων</em></strong></span> <span class='ocrx_word' id='word_1_77' title='bbox 952 1169 1089 1252; x_wconf 78' lang='grc' dir='ltr'><strong><em>ἥκοντες</em></strong></span> 
     </span>
     <span class='ocr_line' id='line_1_11' title="bbox 71 1270 1129 1365; baseline 0.001 -26"><span class='ocrx_word' id='word_1_78' title='bbox 71 1273 124 1340; x_wconf 81' lang='grc' dir='ltr'><strong><em>καὶ</em></strong></span> <span class='ocrx_word' id='word_1_79' title='bbox 161 1274 397 1359; x_wconf 79' lang='grc' dir='ltr'><strong><em>ὑπισχνεῖσθαι</em></strong></span> <span class='ocrx_word' id='word_1_80' title='bbox 432 1273 696 1365; x_wconf 74' lang='grc' dir='ltr'><strong><em>διαλλαττομένῳ</em></strong></span> <span class='ocrx_word' id='word_1_81' title='bbox 728 1278 811 1362; x_wconf 89' lang='grc' dir='ltr'><strong><em>πρὸς</em></strong></span> <span class='ocrx_word' id='word_1_82' title='bbox 841 1277 902 1360; x_wconf 80' lang='grc' dir='ltr'><strong><em>την</em></strong></span> <span class='ocrx_word' id='word_1_83' title='bbox 934 1270 1129 1360; x_wconf 79' lang='grc' dir='ltr'><strong><em>πατρίδα,“ιο</em></strong></span> 
     </span>
     <span class='ocr_line' id='line_1_12' title="bbox 70 1374 1086 1468; baseline 0.001 -22"><span class='ocrx_word' id='word_1_84' title='bbox 70 1383 180 1446; x_wconf 89' lang='grc' dir='ltr'><strong><em>ταυτί·</em></strong></span> <span class='ocrx_word' id='word_1_85' title='bbox 205 1380 242 1446; x_wconf 84' lang='grc' dir='ltr'><strong><em>ἐν</em></strong></span> <span class='ocrx_word' id='word_1_86' title='bbox 266 1374 293 1468; x_wconf 74' lang='grc' dir='ltr'><em>ᾧ</em></span> <span class='ocrx_word' id='word_1_87' title='bbox 315 1382 352 1446; x_wconf 90' lang='grc' dir='ltr'><strong><em>τὸ</em></strong></span> <span class='ocrx_word' id='word_1_88' title='bbox 376 1382 548 1447; x_wconf 88' lang='grc' dir='ltr'><strong><em>δύνασθαί</em></strong></span> <span class='ocrx_word' id='word_1_89' title='bbox 568 1397 622 1448; x_wconf 91' lang='grc' dir='ltr'><strong><em>σοι</em></strong></span> <span class='ocrx_word' id='word_1_90' title='bbox 645 1381 786 1466; x_wconf 89' lang='grc' dir='ltr'><strong><em>μάλιστα</em></strong></span> <span class='ocrx_word' id='word_1_91' title='bbox 808 1381 948 1466; x_wconf 78' lang='grc' dir='ltr'><strong><em>ὑπάρχει</em></strong></span> <span class='ocrx_word' id='word_1_92' title='bbox 971 1379 1026 1446; x_wconf 81' lang='grc' dir='ltr'><strong><em>καλ</em></strong></span> <span class='ocrx_word' id='word_1_93' title='bbox 1049 1383 1086 1447; x_wconf 90' lang='grc' dir='ltr'><strong><em>τὸ</em></strong></span> 
     </span>
     <span class='ocr_line' id='line_1_13' title="bbox 69 1484 1086 1574; baseline 0 -22"><span class='ocrx_word' id='word_1_94' title='bbox 69 1493 167 1552; x_wconf 78' lang='grc' dir='ltr'><strong><em>θεῖον</em></strong></span> <span class='ocrx_word' id='word_1_95' title='bbox 196 1488 243 1551; x_wconf 89' lang='grc' dir='ltr'><strong><em>ἐτι</em></strong></span> <span class='ocrx_word' id='word_1_96' title='bbox 266 1487 492 1571; x_wconf 77' lang='grc' dir='ltr'><strong><em>συλλαμβάνει</em></strong></span> <span class='ocrx_word' id='word_1_97' title='bbox 514 1487 686 1574; x_wconf 76' lang='grc' dir='ltr'><strong><em>μετριάσαι</em></strong></span> <span class='ocrx_word' id='word_1_98' title='bbox 708 1484 764 1553; x_wconf 86' lang='grc' dir='ltr'><strong><em>καλ</em></strong></span> <span class='ocrx_word' id='word_1_99' title='bbox 786 1487 1003 1572; x_wconf 72' lang='grc' dir='ltr'><strong><em>ταμιεύεσθαι</em></strong></span> <span class='ocrx_word' id='word_1_100' title='bbox 1024 1488 1086 1571; x_wconf 78' lang='grc' dir='ltr'><strong><em>τὴν</em></strong></span> 
     </span>
     <span class='ocr_line' id='line_1_14' title="bbox 69 1589 1086 1682; baseline 0.002 -24"><span class='ocrx_word' id='word_1_101' title='bbox 69 1593 172 1679; x_wconf 93' lang='grc' dir='ltr'><strong><em>τύχην</em></strong></span> <span class='ocrx_word' id='word_1_102' title='bbox 188 1589 436 1677; x_wconf 77' lang='grc' dir='ltr'><strong><em>ἐνθυμηθέντα,</em></strong></span> <span class='ocrx_word' id='word_1_103' title='bbox 454 1592 504 1657; x_wconf 84' lang='grc' dir='ltr'><strong><em>ὅτι</em></strong></span> <span class='ocrx_word' id='word_1_104' title='bbox 522 1595 704 1677; x_wconf 87' lang='grc' dir='ltr'><strong><em>μεταβολάς</em></strong></span> <span class='ocrx_word' id='word_1_105' title='bbox 722 1595 789 1680; x_wconf 84' lang='grc' dir='ltr'><strong><em>ἔχει</em></strong></span> <span class='ocrx_word' id='word_1_106' title='bbox 806 1594 913 1659; x_wconf 91' lang='grc' dir='ltr'><strong><em>πάντα</em></strong></span> <span class='ocrx_word' id='word_1_107' title='bbox 929 1594 969 1659; x_wconf 86' lang='grc' dir='ltr'><strong><em>τά</em></strong></span> <span class='ocrx_word' id='word_1_108' title='bbox 982 1595 1086 1682; x_wconf 93' lang='grc' dir='ltr'><strong><em>πράγ-</em></strong></span> 
     </span>
     <span class='ocr_line' id='line_1_15' title="bbox 69 1694 1086 1785; baseline 0.001 -20"><span class='ocrx_word' id='word_1_109' title='bbox 69 1722 155 1782; x_wconf 93' lang='grc' dir='ltr'><strong><em>ματα</em></strong></span> <span class='ocrx_word' id='word_1_110' title='bbox 181 1696 238 1764; x_wconf 83' lang='grc' dir='ltr'><strong><em>καλ</em></strong></span> <span class='ocrx_word' id='word_1_111' title='bbox 265 1694 366 1764; x_wconf 75' lang='grc' dir='ltr'><strong><em>οὐδὲν</em></strong></span> <span class='ocrx_word' id='word_1_112' title='bbox 394 1695 449 1763; x_wconf 85' lang='grc' dir='ltr'><strong><em>ε’πλ</em></strong></span> <span class='ocrx_word' id='word_1_113' title='bbox 475 1709 543 1765; x_wconf 83' lang='grc' dir='ltr'><strong><em>τῶν</em></strong></span> <span class='ocrx_word' id='word_1_114' title='bbox 570 1700 681 1765; x_wconf 80' lang='grc' dir='ltr'><strong><em>αὐτῶν</em></strong></span> <span class='ocrx_word' id='word_1_115' title='bbox 708 1705 801 1785; x_wconf 79' lang='grc' dir='ltr'><strong><em>φιλεῖ</em></strong></span> <span class='ocrx_word' id='word_1_116' title='bbox 821 1697 1007 1784; x_wconf 83' lang='grc' dir='ltr'><strong><em>διαμένειν,</em></strong></span> <span class='ocrx_word' id='word_1_117' title='bbox 1032 1725 1086 1768; x_wconf 87' lang='grc' dir='ltr'><strong><em>νε-</em></strong></span> 
     </span>
     <span class='ocr_line' id='line_1_16' title="bbox 67 1803 1125 1894; baseline 0.003 -25"><span class='ocrx_word' id='word_1_118' title='bbox 67 1807 210 1888; x_wconf 84' lang='grc' dir='ltr'><strong><em>μεσᾶταί</em></strong></span> <span class='ocrx_word' id='word_1_119' title='bbox 234 1827 269 1870; x_wconf 89' lang='grc' dir='ltr'><strong><em>τε</em></strong></span> <span class='ocrx_word' id='word_1_120' title='bbox 296 1804 404 1869; x_wconf 89' lang='grc' dir='ltr'><strong><em>πάντα</em></strong></span> <span class='ocrx_word' id='word_1_121' title='bbox 426 1803 492 1870; x_wconf 92' lang='grc' dir='ltr'><strong><em>ὑπὸ</em></strong></span> <span class='ocrx_word' id='word_1_122' title='bbox 514 1811 606 1871; x_wconf 85' lang='grc' dir='ltr'><strong><em>θεῶν</em></strong></span> <span class='ocrx_word' id='word_1_123' title='bbox 629 1807 669 1870; x_wconf 86' lang='grc' dir='ltr'><strong><em>τά</em></strong></span> <span class='ocrx_word' id='word_1_124' title='bbox 691 1804 908 1891; x_wconf 80' lang='grc' dir='ltr'><strong><em>ὑπερέχοντα,</em></strong></span> <span class='ocrx_word' id='word_1_125' title='bbox 935 1806 1015 1872; x_wconf 84' lang='grc' dir='ltr'><strong><em>ὅταν</em></strong></span> <span class='ocrx_word' id='word_1_126' title='bbox 1038 1810 1085 1894; x_wconf 86' lang='grc' dir='ltr'><strong><em>είς</em></strong></span> <span class='ocrx_word' id='word_1_127' title='bbox 1100 1831 1125 1872; x_wconf 80' lang='lat'><strong><em>15</em></strong></span> 
     </span>
     <span class='ocr_line' id='line_1_17' title="bbox 66 1908 1085 1996; baseline 0.005 -22"><span class='ocrx_word' id='word_1_128' title='bbox 66 1911 172 1993; x_wconf 81' lang='grc' dir='ltr'><strong><em>ἀκρον</em></strong></span> <span class='ocrx_word' id='word_1_129' title='bbox 196 1908 388 1995; x_wconf 79' lang='grc' dir='ltr'><strong><em>ἐπιφανείας</em></strong></span> <span class='ocrx_word' id='word_1_130' title='bbox 410 1909 583 1996; x_wconf 86' lang='grc' dir='ltr'><strong><em>ἀφίκηται,</em></strong></span> <span class='ocrx_word' id='word_1_131' title='bbox 604 1908 660 1977; x_wconf 80' lang='grc' dir='ltr'><strong><em>καὶ</em></strong></span> <span class='ocrx_word' id='word_1_132' title='bbox 682 1910 833 1996; x_wconf 82' lang='grc' dir='ltr'><strong><em>τρέπεται</em></strong></span> <span class='ocrx_word' id='word_1_133' title='bbox 855 1911 955 1977; x_wconf 92' lang='grc' dir='ltr'><strong><em>πάλιν</em></strong></span> <span class='ocrx_word' id='word_1_134' title='bbox 978 1913 1025 1989; x_wconf 86' lang='grc' dir='ltr'><strong><em>είς</em></strong></span> <span class='ocrx_word' id='word_1_135' title='bbox 1047 1915 1085 1979; x_wconf 88' lang='grc' dir='ltr'><strong><em>τὸ</em></strong></span> 
     </span>
     <span class='ocr_line' id='line_1_18' title="bbox 65 2012 1085 2102; baseline 0 -20"><span class='ocrx_word' id='word_1_136' title='bbox 65 2015 183 2102; x_wconf 90' lang='grc' dir='ltr'><strong><em>μηδέν.</em></strong></span> <span class='ocrx_word' id='word_1_137' title='bbox 219 2017 361 2101; x_wconf 90' lang='grc' dir='ltr'><strong><em>μάλιστα</em></strong></span> <span class='ocrx_word' id='word_1_138' title='bbox 384 2012 421 2081; x_wconf 71' lang='grc' dir='ltr'><strong><em>δὲ</em></strong></span> <span class='ocrx_word' id='word_1_139' title='bbox 443 2025 541 2083; x_wconf 83' lang='grc' dir='ltr'><strong><em>τοῦτο</em></strong></span> <span class='ocrx_word' id='word_1_140' title='bbox 564 2017 680 2102; x_wconf 88' lang='grc' dir='ltr'><strong><em>πάσχει</em></strong></span> <span class='ocrx_word' id='word_1_141' title='bbox 705 2018 745 2082; x_wconf 88' lang='grc' dir='ltr'><strong><em>τά</em></strong></span> <span class='ocrx_word' id='word_1_142' title='bbox 768 2019 893 2102; x_wconf 89' lang='grc' dir='ltr'><strong><em>σκληρά</em></strong></span> <span class='ocrx_word' id='word_1_143' title='bbox 912 2016 967 2083; x_wconf 82' lang='grc' dir='ltr'><strong><em>καὶ</em></strong></span> <span class='ocrx_word' id='word_1_144' title='bbox 986 2019 1085 2102; x_wconf 91' lang='grc' dir='ltr'><strong><em>μεγά-</em></strong></span> 
     </span>
     <span class='ocr_line' id='line_1_19' title="bbox 66 2120 1085 2210; baseline 0.002 -22"><span class='ocrx_word' id='word_1_145' title='bbox 66 2127 175 2207; x_wconf 90' lang='grc' dir='ltr'><strong><em>λαυχα</em></strong></span> <span class='ocrx_word' id='word_1_146' title='bbox 203 2124 400 2209; x_wconf 78' lang='grc' dir='ltr'><strong><em>φρονήματα</em></strong></span> <span class='ocrx_word' id='word_1_147' title='bbox 426 2120 482 2189; x_wconf 80' lang='grc' dir='ltr'><strong><em>καὶ</em></strong></span> <span class='ocrx_word' id='word_1_148' title='bbox 506 2125 584 2200; x_wconf 91' lang='grc' dir='ltr'><strong><em>τοὺς</em></strong></span> <span class='ocrx_word' id='word_1_149' title='bbox 607 2123 707 2210; x_wconf 82' lang='grc' dir='ltr'><strong><em>ὅρους</em></strong></span> <span class='ocrx_word' id='word_1_150' title='bbox 729 2122 925 2209; x_wconf 81' lang='grc' dir='ltr'><strong><em>ἐκβαίνοντα</em></strong></span> <span class='ocrx_word' id='word_1_151' title='bbox 947 2134 1005 2208; x_wconf 81' lang='grc' dir='ltr'><strong><em>τῆς</em></strong></span> <span class='ocrx_word' id='word_1_152' title='bbox 1027 2124 1085 2190; x_wconf 90' lang='grc' dir='ltr'><strong><em>άν-</em></strong></span> 
     </span>
     <span class='ocr_line' id='line_1_20' title="bbox 63 2226 1120 2317; baseline 0.001 -23"><span class='ocrx_word' id='word_1_153' title='bbox 63 2229 241 2314; x_wconf 90' lang='grc' dir='ltr'><strong><em>θρωπίνης</em></strong></span> <span class='ocrx_word' id='word_1_154' title='bbox 263 2229 403 2313; x_wconf 90' lang='grc' dir='ltr'><strong><em>φύσεως.</em></strong></span> <span class='ocrx_word' id='word_1_155' title='bbox 439 2228 579 2315; x_wconf 87' lang='grc' dir='ltr'><strong><em>ὑπάρχει</em></strong></span> <span class='ocrx_word' id='word_1_156' title='bbox 602 2226 643 2293; x_wconf 80' lang='grc' dir='ltr'><strong><em>δέ</em></strong></span> <span class='ocrx_word' id='word_1_157' title='bbox 663 2244 717 2294; x_wconf 90' lang='grc' dir='ltr'><strong><em>σοι</em></strong></span> <span class='ocrx_word' id='word_1_158' title='bbox 738 2239 804 2295; x_wconf 88' lang='grc' dir='ltr'><strong><em>νῦν</em></strong></span> <span class='ocrx_word' id='word_1_159' title='bbox 827 2228 983 2297; x_wconf 84' lang='grc' dir='ltr'><strong><em>ἁπάντων</em></strong></span> <span class='ocrx_word' id='word_1_160' title='bbox 1005 2231 1120 2317; x_wconf 87' lang='grc' dir='ltr'><strong><em>κρά-4</em></strong></span> 
     </span>
     <span class='ocr_line' id='line_1_21' title="bbox 47 2335 1124 2422; baseline 0.003 -22"><span class='ocrx_word' id='word_1_161' title='bbox 47 2349 162 2400; x_wconf 87' lang='grc' dir='ltr'><strong><em>8τιστα</em></strong></span> <span class='ocrx_word' id='word_1_162' title='bbox 176 2335 431 2400; x_wconf 79' lang='grc' dir='ltr'><strong><em>,καταλύσασθαι</em></strong></span> <span class='ocrx_word' id='word_1_163' title='bbox 447 2336 508 2402; x_wconf 90' lang='grc' dir='ltr'><strong><em>τὸν</em></strong></span> <span class='ocrx_word' id='word_1_164' title='bbox 525 2338 684 2420; x_wconf 83' lang='grc' dir='ltr'><strong><em>πόλεμον·</em></strong></span> <span class='ocrx_word' id='word_1_165' title='bbox 707 2335 729 2418; x_wconf 80' lang='grc' dir='ltr'><em>ἥ</em></span> <span class='ocrx_word' id='word_1_166' title='bbox 746 2358 781 2400; x_wconf 89' lang='grc' dir='ltr'><strong><em>τε</em></strong></span> <span class='ocrx_word' id='word_1_167' title='bbox 798 2336 861 2422; x_wconf 84' lang='grc' dir='ltr'><strong><em>γάρ</em></strong></span> <span class='ocrx_word' id='word_1_168' title='bbox 876 2339 981 2422; x_wconf 75' lang='grc' dir='ltr'><strong><em>βουλὴ</em></strong></span> <span class='ocrx_word' id='word_1_169' title='bbox 995 2347 1084 2403; x_wconf 84' lang='grc' dir='ltr'><strong><em>πᾶσα</em></strong></span> <span class='ocrx_word' id='word_1_170' title='bbox 1097 2362 1124 2402; x_wconf 82' lang='grc' dir='ltr'><strong><em>εο</em></strong></span> 
     </span>
     <span class='ocr_line' id='line_1_22' title="bbox 62 2440 1084 2529; baseline 0.004 -23"><span class='ocrx_word' id='word_1_171' title='bbox 62 2441 215 2526; x_wconf 81' lang='grc' dir='ltr'><strong><em>ὥρμηται</em></strong></span> <span class='ocrx_word' id='word_1_172' title='bbox 242 2440 304 2524; x_wconf 79' lang='grc' dir='ltr'><strong><em>τὴν</em></strong></span> <span class='ocrx_word' id='word_1_173' title='bbox 331 2441 483 2506; x_wconf 91' lang='grc' dir='ltr'><strong><em>κάθοδον</em></strong></span> <span class='ocrx_word' id='word_1_174' title='bbox 509 2444 726 2526; x_wconf 77' lang='grc' dir='ltr'><strong><em>ψηφίσασθαί</em></strong></span> <span class='ocrx_word' id='word_1_175' title='bbox 750 2459 820 2527; x_wconf 90' lang='grc' dir='ltr'><strong><em>σοι,</em></strong></span> <span class='ocrx_word' id='word_1_176' title='bbox 851 2441 952 2510; x_wconf 73' lang='grc' dir='ltr'><strong><em>καλό</em></strong></span> <span class='ocrx_word' id='word_1_177' title='bbox 980 2444 1084 2529; x_wconf 80' lang='grc' dir='ltr'><strong><em>δῆμος</em></strong></span> 
     </span>
     <span class='ocr_line' id='line_1_23' title="bbox 61 2543 1087 2636; baseline 0.002 -24"><span class='ocrx_word' id='word_1_178' title='bbox 61 2545 196 2630; x_wconf 79' lang='grc' dir='ltr'><strong><em>ἕτοιμός</em></strong></span> <span class='ocrx_word' id='word_1_179' title='bbox 218 2543 288 2611; x_wconf 85' lang='grc' dir='ltr'><strong><em>ἐστι</em></strong></span> <span class='ocrx_word' id='word_1_180' title='bbox 311 2550 404 2636; x_wconf 79' lang='grc' dir='ltr'><strong><em>νόμω</em></strong></span> <span class='ocrx_word' id='word_1_181' title='bbox 427 2545 614 2629; x_wconf 83' lang='grc' dir='ltr'><strong><em>κυρωθέντι</em></strong></span> <span class='ocrx_word' id='word_1_182' title='bbox 633 2553 732 2613; x_wconf 87' lang='grc' dir='ltr'><strong><em>λῦσαι</em></strong></span> <span class='ocrx_word' id='word_1_183' title='bbox 749 2548 811 2631; x_wconf 78' lang='grc' dir='ltr'><strong><em>τὴν</em></strong></span> <span class='ocrx_word' id='word_1_184' title='bbox 829 2547 1015 2634; x_wconf 89' lang='grc' dir='ltr'><strong><em>ἀειφυγίαν.</em></strong></span> <span class='ocrx_word' id='word_1_185' title='bbox 1051 2551 1087 2615; x_wconf 92' lang='grc' dir='ltr'><strong><em>τί</em></strong></span> 
     </span>
     <span class='ocr_line' id='line_1_24' title="bbox 60 2646 1083 2738; baseline 0 -20"><span class='ocrx_word' id='word_1_186' title='bbox 60 2646 129 2718; x_wconf 83' lang='grc' dir='ltr'><strong><em>οὖν</em></strong></span> <span class='ocrx_word' id='word_1_187' title='bbox 157 2653 206 2717; x_wconf 80' lang='grc' dir='ltr'><strong><em>ἔτι</em></strong></span> <span class='ocrx_word' id='word_1_188' title='bbox 232 2653 354 2718; x_wconf 85' lang='grc' dir='ltr'><strong><em>κωλύει</em></strong></span> <span class='ocrx_word' id='word_1_189' title='bbox 382 2668 419 2718; x_wconf 89' lang='grc' dir='ltr'><strong><em>σε</em></strong></span> <span class='ocrx_word' id='word_1_190' title='bbox 445 2653 504 2730; x_wconf 85' lang='grc' dir='ltr'><strong><em>τάς</em></strong></span> <span class='ocrx_word' id='word_1_191' title='bbox 529 2653 666 2737; x_wconf 78' lang='grc' dir='ltr'><strong><em>ἡδίστας</em></strong></span> <span class='ocrx_word' id='word_1_192' title='bbox 692 2651 748 2719; x_wconf 84' lang='grc' dir='ltr'><strong><em>καὶ</em></strong></span> <span class='ocrx_word' id='word_1_193' title='bbox 774 2655 968 2738; x_wconf 83' lang='grc' dir='ltr'><strong><em>τιμιωτάτας</em></strong></span> <span class='ocrx_word' id='word_1_194' title='bbox 990 2656 1083 2734; x_wconf 77' lang='grc' dir='ltr'><strong><em>ὄψεις</em></strong></span> 
     </span>
     <span class='ocr_line' id='line_1_25' title="bbox 57 2754 1082 2844; baseline 0.001 -22"><span class='ocrx_word' id='word_1_195' title='bbox 57 2768 132 2825; x_wconf 81' lang='grc' dir='ltr'><strong><em>τῶν</em></strong></span> <span class='ocrx_word' id='word_1_196' title='bbox 150 2754 420 2840; x_wconf 80' lang='grc' dir='ltr'><strong><em>ἀναγκαιοτάτων</em></strong></span> <span class='ocrx_word' id='word_1_197' title='bbox 438 2759 600 2843; x_wconf 88' lang='grc' dir='ltr'><strong><em>σωμάτων</em></strong></span> <span class='ocrx_word' id='word_1_198' title='bbox 618 2758 799 2843; x_wconf 79' lang='grc' dir='ltr'><strong><em>ἀπολαβεῖν</em></strong></span> <span class='ocrx_word' id='word_1_199' title='bbox 812 2756 868 2824; x_wconf 85' lang='grc' dir='ltr'><strong><em>καὶ</em></strong></span> <span class='ocrx_word' id='word_1_200' title='bbox 885 2761 1082 2844; x_wconf 87' lang='grc' dir='ltr'><strong><em>κεκομίσθαι</em></strong></span> 
     </span>
     <span class='ocr_line' id='line_1_26' title="bbox 57 2864 1121 2952; baseline -0.001 -22"><span class='ocrx_word' id='word_1_201' title='bbox 57 2865 126 2948; x_wconf 82' lang='grc' dir='ltr'><strong><em>την</em></strong></span> <span class='ocrx_word' id='word_1_202' title='bbox 143 2864 369 2949; x_wconf 89' lang='grc' dir='ltr'><strong><em>περιμάχητον</em></strong></span> <span class='ocrx_word' id='word_1_203' title='bbox 387 2867 530 2950; x_wconf 88' lang='grc' dir='ltr'><strong><em>πατρίδα</em></strong></span> <span class='ocrx_word' id='word_1_204' title='bbox 548 2867 661 2952; x_wconf 85' lang='grc' dir='ltr'><strong><em>ἀρχειν</em></strong></span> <span class='ocrx_word' id='word_1_205' title='bbox 675 2887 710 2931; x_wconf 89' lang='grc' dir='ltr'><strong><em>τε</em></strong></span> <span class='ocrx_word' id='word_1_206' title='bbox 725 2866 833 2951; x_wconf 80' lang='grc' dir='ltr'><strong><em>ὥσπερ</em></strong></span> <span class='ocrx_word' id='word_1_207' title='bbox 848 2884 901 2933; x_wconf 91' lang='grc' dir='ltr'><strong><em>σοι</em></strong></span> <span class='ocrx_word' id='word_1_208' title='bbox 915 2873 1081 2952; x_wconf 80' lang='grc' dir='ltr'><strong><em>προσῆκεν</em></strong></span> <span class='ocrx_word' id='word_1_209' title='bbox 1095 2887 1121 2929; x_wconf 82' lang='grc' dir='ltr'><strong><em>ει</em></strong></span> 
     </span>
    </p>
   </div>
   <div class='ocr_carea' id='block_1_3' title="bbox 56 3051 1081 3484">
    <p class='ocr_par' dir='ltr' id='par_1_3' title="bbox 56 3051 1081 3484">
     <span class='ocr_line' id='line_1_27' title="bbox 136 3051 1081 3127; baseline 0.002 -18"><span class='ocrx_word' id='word_1_210' title='bbox 136 3051 223 3110; x_wconf 70' lang='grc' dir='ltr'><strong><em>θοὺν</em></strong></span> <span class='ocrx_word' id='word_1_211' title='bbox 242 3055 294 3110; x_wconf 85' lang='grc' dir='ltr'><strong><em>οὑκ</em></strong></span> <span class='ocrx_word' id='word_1_212' title='bbox 314 3054 336 3109; x_wconf 93' lang='grc' dir='ltr'><strong>Ο</strong></span> <span class='ocrx_word' id='word_1_213' title='bbox 355 3056 508 3126; x_wconf 74' lang='lat' dir='ltr'><strong>praeterB</strong></span> <span class='ocrx_word' id='word_1_214' title='bbox 562 3062 742 3126; x_wconf 81' lang='grc' dir='ltr'><strong><em>3συναιρείν</em></strong></span> <span class='ocrx_word' id='word_1_215' title='bbox 758 3056 784 3110; x_wconf 87' lang='grc' dir='ltr'>Δ</span> <span class='ocrx_word' id='word_1_216' title='bbox 838 3051 1081 3127; x_wconf 80' lang='grc' dir='ltr'><strong><em>ὅέξαμαρτύντας</em></strong></span> 
     </span>
     <span class='ocr_line' id='line_1_28' title="bbox 57 3123 1078 3197; baseline -0.001 -15"><span class='ocrx_word' id='word_1_217' title='bbox 57 3143 85 3182; x_wconf 83' lang='grc' dir='ltr'><strong><em>ο.</em></strong></span> <span class='ocrx_word' id='word_1_218' title='bbox 106 3123 211 3181; x_wconf 74' lang='lat' dir='ltr'>Garrer</span> <span class='ocrx_word' id='word_1_219' title='bbox 229 3125 296 3181; x_wconf 86' lang='lat' dir='ltr'><strong>Obs.</strong></span> <span class='ocrx_word' id='word_1_220' title='bbox 315 3145 343 3197; x_wconf 86' lang='lat' dir='ltr'><strong><em>p.</em></strong></span> <span class='ocrx_word' id='word_1_221' title='bbox 358 3133 392 3182; x_wconf 77' lang='lat'><strong><em>59</em></strong></span> <span class='ocrx_word' id='word_1_222' title='bbox 474 3131 490 3180; x_wconf 85' lang='grc'><strong>9</strong></span> <span class='ocrx_word' id='word_1_223' title='bbox 509 3130 736 3196; x_wconf 80' lang='grc' dir='ltr'><strong><em>φιλονεικοῦντες</em></strong></span> <span class='ocrx_word' id='word_1_224' title='bbox 753 3127 804 3183; x_wconf 81' lang='lat' dir='ltr'><strong><em>Ac</em></strong></span> <span class='ocrx_word' id='word_1_225' title='bbox 822 3129 911 3196; x_wconf 85' lang='grc' dir='ltr'><strong><em>φίλων</em></strong></span> <span class='ocrx_word' id='word_1_226' title='bbox 930 3125 1036 3196; x_wconf 75' lang='grc' dir='ltr'><strong><em>ἥκομεν</em></strong></span> <span class='ocrx_word' id='word_1_227' title='bbox 1055 3145 1078 3182; x_wconf 88' lang='grc' dir='ltr'><strong><em>ο.</em></strong></span> 
     </span>
     <span class='ocr_line' id='line_1_29' title="bbox 57 3194 1078 3269; baseline 0.003 -18"><span class='ocrx_word' id='word_1_228' title='bbox 57 3194 177 3266; x_wconf 59' lang='lat' dir='ltr'><strong>miska,</strong></span> <span class='ocrx_word' id='word_1_229' title='bbox 207 3199 297 3266; x_wconf 86' lang='grc' dir='ltr'><strong><em>φίλων</em></strong></span> <span class='ocrx_word' id='word_1_230' title='bbox 326 3198 431 3253; x_wconf 86' lang='grc' dir='ltr'><strong><em>είκοντι</em></strong></span> <span class='ocrx_word' id='word_1_231' title='bbox 459 3215 481 3254; x_wconf 86' lang='lat' dir='ltr'><strong><em>c.</em></strong></span> <span class='ocrx_word' id='word_1_232' title='bbox 500 3197 658 3269; x_wconf 80' lang='lat' dir='ltr'><strong>Kiessling,</strong></span> <span class='ocrx_word' id='word_1_233' title='bbox 686 3201 787 3268; x_wconf 73' lang='lat' dir='ltr'>postea</span> <span class='ocrx_word' id='word_1_234' title='bbox 809 3197 906 3268; x_wconf 81' lang='lat' dir='ltr'><strong>Ptogr.</strong></span> <span class='ocrx_word' id='word_1_235' title='bbox 924 3198 989 3253; x_wconf 77' lang='lat' dir='ltr'><strong>Bas.</strong></span> <span class='ocrx_word' id='word_1_236' title='bbox 1010 3204 1078 3254; x_wconf 84' lang='grc'><strong>1868</strong></span> 
     </span>
     <span class='ocr_line' id='line_1_30' title="bbox 56 3264 1080 3342; baseline 0.001 -18"><span class='ocrx_word' id='word_1_237' title='bbox 56 3286 88 3339; x_wconf 82' lang='lat' dir='ltr'><strong><em>p.</em></strong></span> <span class='ocrx_word' id='word_1_238' title='bbox 109 3273 145 3324; x_wconf 76' lang='lat'><strong><em>20</em></strong></span> <span class='ocrx_word' id='word_1_239' title='bbox 171 3268 248 3323; x_wconf 82' lang='lat' dir='ltr'><strong>idem</strong></span> <span class='ocrx_word' id='word_1_240' title='bbox 278 3265 309 3323; x_wconf 88' lang='grc' dir='ltr'><strong><em>οί</em></strong></span> <span class='ocrx_word' id='word_1_241' title='bbox 334 3269 495 3338; x_wconf 75' lang='grc' dir='ltr'><strong><em>τιμιώτατοι</em></strong></span> <span class='ocrx_word' id='word_1_242' title='bbox 526 3264 571 3342; x_wconf 89' lang='grc' dir='ltr'><strong><em>[ἐκ</em></strong></span> <span class='ocrx_word' id='word_1_243' title='bbox 605 3278 654 3324; x_wconf 85' lang='grc' dir='ltr'><strong><em>τοὺ</em></strong></span> <span class='ocrx_word' id='word_1_244' title='bbox 683 3271 843 3342; x_wconf 84' lang='grc' dir='ltr'><strong><em>συνεδρίου]</em></strong></span> <span class='ocrx_word' id='word_1_245' title='bbox 872 3273 1080 3338; x_wconf 77' lang='grc' dir='ltr'><strong><em>φιλονεικοῦντα</em></strong></span> 
     </span>
     <span class='ocr_line' id='line_1_31' title="bbox 58 3336 1079 3411; baseline 0.003 -17"><span class='ocrx_word' id='word_1_246' title='bbox 58 3338 187 3394; x_wconf 77' lang='lat' dir='ltr'><strong>coniecit</strong></span> <span class='ocrx_word' id='word_1_247' title='bbox 260 3346 292 3394; x_wconf 79' lang='lat'><strong><em>12</em></strong></span> <span class='ocrx_word' id='word_1_248' title='bbox 313 3336 367 3411; x_wconf 79' lang='grc' dir='ltr'><strong><em>ἔτι]</em></strong></span> <span class='ocrx_word' id='word_1_249' title='bbox 387 3339 472 3396; x_wconf 81' lang='grc' dir='ltr'><strong><em>ὑτιΑ</em></strong></span> <span class='ocrx_word' id='word_1_250' title='bbox 532 3347 564 3396; x_wconf 84' lang='grc'><strong><em>13</em></strong></span> <span class='ocrx_word' id='word_1_251' title='bbox 583 3340 697 3395; x_wconf 79' lang='grc' dir='ltr'><strong><em>ἅπαντα</em></strong></span> <span class='ocrx_word' id='word_1_252' title='bbox 716 3339 739 3394; x_wconf 90' lang='grc' dir='ltr'><strong>Ο</strong></span> <span class='ocrx_word' id='word_1_253' title='bbox 758 3356 827 3396; x_wconf 82' lang='lat' dir='ltr'>corr.</span> <span class='ocrx_word' id='word_1_254' title='bbox 846 3340 990 3410; x_wconf 82' lang='lat' dir='ltr'>Kiessling</span> <span class='ocrx_word' id='word_1_255' title='bbox 1046 3348 1079 3397; x_wconf 85' lang='lat'><strong><em>19</em></strong></span> 
     </span>
     <span class='ocr_line' id='line_1_32' title="bbox 56 3408 1080 3484; baseline 0 -18"><span class='ocrx_word' id='word_1_256' title='bbox 56 3410 177 3466; x_wconf 82' lang='grc' dir='ltr'><strong><em>πάντων</em></strong></span> <span class='ocrx_word' id='word_1_257' title='bbox 196 3410 219 3465; x_wconf 91' lang='lat'>0</span> <span class='ocrx_word' id='word_1_258' title='bbox 239 3408 374 3465; x_wconf 79' lang='grc' dir='ltr'><strong><em>ἁπάντων</em></strong></span> <span class='ocrx_word' id='word_1_259' title='bbox 391 3409 536 3481; x_wconf 78' lang='lat' dir='ltr'>Kiessling</span> <span class='ocrx_word' id='word_1_260' title='bbox 591 3417 625 3468; x_wconf 80' lang='lat'><strong><em>24</em></strong></span> <span class='ocrx_word' id='word_1_261' title='bbox 643 3413 824 3484; x_wconf 88' lang='grc' dir='ltr'><strong><em>κεκομίσθαι]</em></strong></span> <span class='ocrx_word' id='word_1_262' title='bbox 844 3416 1040 3484; x_wconf 79' lang='grc' dir='ltr'><strong><em>κοκοσμῆσθαι</em></strong></span> <span class='ocrx_word' id='word_1_263' title='bbox 1053 3412 1080 3466; x_wconf 83' lang='grc' dir='ltr'><strong>Α</strong></span> 
     </span>
    </p>
   </div>
   <div class='ocr_carea' id='block_1_4' title="bbox 0 0 1216 3848">
    <p class='ocr_par' dir='ltr' id='par_1_4' title="bbox 0 0 1216 3848">
     <span class='ocr_line' id='line_1_33' title="bbox 0 0 1216 3848; baseline 0 3"><span class='ocrx_word' id='word_1_264' title='bbox 0 0 1216 3848; x_wconf 95' lang='lat' dir='ltr'><strong><em> </em></strong></span> 
     </span>
    </p>
   </div>
  </div>
 </body>
</html>
