2424 3848
101 99 167 164 130
522 102 690 153 -H-

100 260 297 350 προθέντων
329 274 464 328 σκοπεῖν
493 273 560 329 τῶν
590 261 627 328 ἐν
656 273 726 341 τοῖς
755 262 863 330 τέλεσι
889 267 1073 352 παρελθὼν
1099 268 1119 335 ό

104 371 231 446 Τύλλος
254 369 518 454 συνεβούλευσεν
536 369 649 446 αὐτοῖς
671 374 784 434 καλεῖν
807 371 867 436 τὸν
884 370 1045 457 Μάρκιον
1063 371 1119 443 καλ

100 472 177 561 παρ’
206 474 336 541 ἐκείνου
357 475 606 559 πυνθάνεσθαι,
629 486 700 552 πῶς
721 473 764 540 ἀν
787 474 807 558 ἡ
825 472 997 560 Ῥωμαίων
1019 501 1119 544 κατα-

101 585 220 665 λυθείη
253 581 410 664 δύναμις·
446 580 603 665 κράτιστα
639 581 702 665 γάρ
737 578 893 647 ἁπάντων
925 580 1120 667 ἀνθρώπων

74 686 237 772 σείδίναι,
258 697 304 773 πῇ
327 710 361 752 τε
384 686 502 770 κάμνει
524 687 565 751 τά
583 695 641 770 τῆς
661 689 788 764 πόλεως
805 687 982 772 πράγματα
998 687 1057 755 καλ
1074 700 1121 777 πῇ

101 796 241 880 μάλιστα
274 796 423 880 ἔρρωται.
475 791 582 858 ἐδόκει
614 802 731 877 ταῦτα,
762 791 818 858 καὶ
848 793 968 860 αὐτίκα
998 796 1122 875 πάντες

101 901 208 986 ἐβόων
231 906 345 967 καλεῖν
368 902 427 965 τὸν
450 901 566 986 ἀνδρα.
612 897 667 964 καὶ
691 899 881 985 όΜάρκιος
898 895 939 984 ἧς
962 900 1120 986 ἐβούλετο

100 1008 252 1095 ἀφορμῆς
274 1009 457 1091 λαβόμενος
480 1004 598 1089 ἀνέστη
624 1008 772 1091 κατηφὴς
793 1004 849 1071 καὶ
871 1007 1122 1094 δεδακρυμένος

100 1112 156 1181 καὶ
179 1117 299 1201 μικρὸν
322 1112 467 1198 ἐπισχὼν
489 1114 613 1198 χρόνον
631 1112 805 1190 τοιούτους
827 1112 960 1180 διέθετο
983 1118 1121 1201 λόγους·

60 1203 145 1317 1{El
171 1218 232 1306 μὲν
259 1221 411 1304 ἡγούμην
433 1220 521 1304 ὑμᾶς
546 1220 694 1296 ἅπαντας
722 1219 821 1304 ὅμοια
842 1220 1023 1303 γινώσκειν
1044 1221 1122 1311 περὶ

99 1336 159 1412 τῆς
185 1327 265 1412 ἐμῆς
292 1335 480 1413 συμφορᾶς,
513 1325 575 1391 οὐκ
601 1325 644 1390 ἀν
670 1325 907 1410 ὑπελάμβανον
934 1326 1121 1413 ἀναγκαῖον

100 1430 290 1518 εἶναιπερὶ
318 1433 420 1516 αὐτῆς
442 1432 695 1514 ἀπολογεῖσθαι·
723 1431 976 1517 ἐνθυμούμενος
999 1429 1046 1520 δ’,
1074 1437 1167 1514 ὡςισι

101 1539 137 1605 ἐν
164 1544 300 1616 πολλοῖς
326 1536 382 1603 καὶ
409 1540 585 1624 διαφόροις
611 1539 732 1622 ἤθεσιν
761 1540 864 1622 είκός,
896 1534 987 1606 εἷναί
1015 1565 1121 1628 τινας,

101 1637 152 1723 οἷς
173 1647 416 1731 παραστήσεται
439 1643 520 1722 δόξα
547 1642 618 1710 οὔτ’
645 1643 773 1728 ἀληθὴς
799 1645 876 1710 ούτε
903 1649 1121 1732 προσήκουσα

61 1774 87 1814 15
101 1749 177 1839 περὶ
196 1751 289 1836 ἐμοῦ,
313 1752 358 1828 ὡς
381 1752 442 1818 οὐκ
465 1751 507 1816 ἀν
526 1752 604 1838 άτερ
623 1752 729 1828 αίτίας
747 1750 896 1835 ἀληθοῦς
912 1751 969 1818 καὶ
988 1755 1121 1832 δικαίας

102 1857 240 1944 ἐξήλασέ
260 1881 301 1943 με
324 1859 341 1925 ὁ
366 1859 471 1942 δῆμος
493 1855 529 1922 ίκ
551 1866 608 1940 τῆς
629 1858 801 1943 πατρίδος,
829 1857 1122 1943 παντὸςμάλιστα

101 1973 214 2052 οἴομαι
242 1967 314 2031 δεῖν
341 1974 474 2051 πρῶτον
500 1960 584 2048 ὑπὲρ
617 1971 674 2046 τῆς
705 1962 786 2048 ἐμῆς
813 1972 923 2048 φυγῆς
951 1964 989 2030 ἐν
1016 1976 1121 2056 κοιυρῖ

66 2074 184 2159 3πρὸς
212 2073 358 2148 ἅπαντας
383 2069 470 2154 ὑμᾶς
499 2069 781 2153 ἀπολογήσασθαι.
827 2067 899 2136 ἀλλ’
930 2070 1126 2158 ἀνάσχεσθέ

101 2203 179 2263 μου,
196 2180 279 2264 πρὸς
296 2183 399 2261 θεῶν,
416 2175 472 2242 καὶ
491 2177 526 2242 οί
541 2176 697 2262 κράτιστα
714 2175 904 2261 ἐγνωκότες,
923 2177 944 2243 δ
962 2176 1122 2245 πέπονθα

60 2310 88 2350 κο
101 2284 166 2350 ὑπὸ
189 2295 257 2350 τῶν
280 2283 412 2370 ἐχθρῶν
434 2281 490 2348 καὶ
513 2283 559 2358 ὡς
581 2281 622 2347 ού
645 2285 816 2369 προσῆκόν
839 2306 896 2367 μοι
917 2285 1042 2368 ταύτης
1065 2309 1123 2352 πε-

100 2395 257 2477 πείραμαι
271 2400 329 2474 τῆς
342 2391 442 2476 τύχης
456 2388 647 2473 διεξιόντος,
662 2386 718 2453 καὶ
732 2389 776 2473 μη
789 2392 953 2476 πρότερον
968 2397 1123 2479 ποθεῖτε,

100 2498 119 2563 ό
149 2521 181 2563 τι
209 2497 272 2584 χρὴ
294 2498 450 2583 πράττειν
474 2495 624 2579 ἀκοῦσαι,
655 2498 747 2581 πρίν,
780 2495 894 2573 ὁποῖός
921 2520 973 2574 τις
1001 2497 1073 2583 είμλ
1103 2501 1122 2568 ὁ

100 2606 161 2690 τὴν
179 2607 317 2690 γνώμην
335 2601 600 2687 ἀποδειξόμενος,
624 2601 782 2680 ἐξετάσαι.
826 2603 917 2667 ἔσται
936 2599 974 2667 δὲ
992 2607 1124 2691 βραχύς

63 2723 86 2786 4
101 2713 119 2779 ό
137 2710 213 2798 περὶ
228 2712 350 2793 αὐτῶν,
370 2708 433 2775 κάν
446 2710 623 2795 πρόσωθεν
638 2707 800 2793 άρξωμαι,
816 2711 923 2791 λόγος.
945 2706 1125 2794 Ῥωμαίοις

60 2847 86 2886 κε
100 2821 139 2885 τὸ
162 2814 224 2903 μὲν
247 2816 280 2896 ἐξ
304 2816 406 2902 ἀρχῆς
427 2818 610 2899 πολίτευμα
631 2809 675 2898 ἦν
698 2816 814 2899 μικτὸν
833 2816 869 2880 ἔκ
891 2837 925 2880 τε
947 2818 1126 2900 βασιλείας

101 2921 157 2990 καὶ
175 2924 438 3011 ἀριστοκρατίας·
468 2923 579 2986 ἔπειτα
601 2921 620 2988 δ
642 2927 828 2998 τελευταῖος
849 2925 1007 3007 βασιλεὺς
1036 2929 1124 3011 Ταρ-

101 3033 216 3110 κύνιος
238 3031 422 3118 τυραννίδα
444 3029 505 3113 τὴν
527 3028 633 3115 ἀρχὴν
656 3027 750 3112 ἠξίου
774 3040 892 3095 ποιεῖν.
938 3031 1125 3112 συστάντες

174 3230 209 3278 10
227 3223 368 3287 πάνταςΒ
424 3228 457 3278 18
471 3221 586 3294 ἤθεσιν]
601 3221 742 3290 πλήθεσιν
751 3220 875 3277 Kiesslin
907 3221 1124 3296 coll.v11³5,2

104 3300 136 3349 15
155 3295 221 3366 περὶ
240 3290 307 3364 ἐμοῦ
327 3294 434 3350 ωδδ.Β
506 3300 541 3348 20
559 3300 680 3364 προςηκε
695 3295 716 3348 Β
730 3300 871 3364 προςῆκον
982 3300 1019 3349 23
1034 3315 1126 3368 προσ·

102 3365 266 3437 δειξάμενος
283 3365 336 3419 ΑΒ
408 3372 444 3421 24
462 3363 577 3437 αῦτω<ν
595 3363 712 3438 κδν>Β
785 3371 819 3420 25
838 3364 937 3436 μικτὸν
956 3367 1023 3424 add.
1042 3367 1069 3422 B

101 3466 219 3544 Q
