2424 3848
524 196 690 245 -Η..

100 355 144 422 δν
165 352 255 421 ταῦτ’
279 355 500 441 εὐπορήσωσι,
522 354 619 434 τάξας
640 356 715 420 τινά
738 357 861 441 χρόνον
880 354 1013 439 ἡμερῶν
1036 353 1185 419 δυο-161

100 462 160 548 χάς
189 461 302 539 αὐτοῖς
331 461 446 528 ἐδίδου
475 471 536 528 τοῦ
565 460 722 546 πολέμου.
771 460 1048 545 ὑπηρετησάντων
1080 457 1110 524 δ’

101 567 215 644 αὐτοῖς
237 567 365 632 ἅπαντα
387 579 454 633 τῶν
471 565 632 652 Ἑρνίκων
651 568 707 632 διὰ
725 567 844 652 τάχους
861 565 917 631 καὶ
935 568 1016 650 μετά
1034 588 1115 652 προ·

100 676 242 758 θυμίας,
269 670 323 738 καὶ
345 676 425 750 τοὺς
446 671 521 758 περὶ
544 683 602 758 τῆς
623 678 737 759 φιλίας
759 671 1013 757 διαλεξομένους
1035 673 1116 740 ἀπο-

75 781 302 846 ιστειλάντων
333 774 451 864 αὖθις,
481 779 654 858 ἐπαινέσας
683 781 805 857 αὑτοὺς
834 781 852 846 ὑ
879 779 1027 857 Κάσσιος
1057 779 1115 845 άν-

101 885 247 971 ἐπεμψεν
275 884 328 951 ἐπὶ
355 887 417 969 την
445 889 582 971 βουλήν.
627 899 697 964 τοῖς
724 884 755 951 δ’
782 885 818 951 ἐκ
844 895 905 952 τοῦ
933 887 1115 972 συνεδρίου

99 994 206 1060 πολλά
233 990 515 1078 βουλευσαμένοις
544 991 635 1071 ἔδοξε
666 992 822 1077 δέχεσθαι
854 989 915 1077 μὲν
947 995 1025 1069 τοὺς
1056 994 1116 1059 άν-

101 1100 182 1182 δρας
214 1102 261 1176 είς
291 1104 420 1185 φιλίαν,
453 1097 504 1185 ἐφ’
537 1091 586 1177 οἷς
619 1097 656 1166 δὲ
689 1101 885 1183 γενησονται
913 1100 1055 1176 δικαίοις
1082 1101 1120 1165 αί

99 1209 182 1291 πρὸς
209 1206 331 1285 αὑτοὺς
360 1213 543 1291 συνθῆκαι,
570 1207 721 1272 Κάσσιον
747 1209 806 1273 τὸν
833 1206 961 1272 ὑπατον
989 1210 1120 1288 γνῶναί

60 1337 87 1377 10
99 1337 134 1379 τε
162 1311 217 1379 καὶ
245 1323 372 1398 στῆσαι,
400 1313 418 1379 ὅ
442 1337 475 1379 τι
499 1312 529 1378 δ’
561 1313 604 1379 δν
632 1312 747 1403 ἐκείνην
780 1311 876 1398 δόξῃ,
907 1310 996 1378 τοῦτ’
1029 1308 1116 1378 εἶναι

101 1424 196 1505 σφίσι
218 1421 344 1505 κύριον.

166 1524 334 1592 LXVIIII.
388 1530 498 1592 Ταῦτα
529 1537 587 1612 της
618 1531 742 1612 βουλῆς
773 1524 1004 1611 ψηφισαμένης
1037 1524 1116 1591 άνα-

100 1630 243 1717 στρέψας
269 1633 316 1708 είς
343 1633 404 1715 την
431 1636 531 1698 πόλιν
559 1634 577 1699 ὑ
601 1633 747 1709 Κάσσιος
768 1636 937 1717 θρίαμβον
960 1632 1116 1716 κατάγειν

99 1736 195 1821 ἠξίου
225 1738 383 1824 δεύτερον
416 1739 461 1815 ὡς
490 1740 530 1805 τά
559 1738 695 1824 μέγιστα
724 1749 791 1804 τῶν
821 1737 933 1803 ἐθνῶν
962 1760 1116 1823 κεχειρω-

60 1868 87 1908 15
100 1841 210 1928 μένος,
232 1844 341 1930 χάριτι
365 1850 492 1928 μᾶλλον
516 1844 668 1932 ἁρπάζων
686 1847 724 1910 τὸ
747 1848 859 1927 τίμιον
880 1843 901 1927 ἣ
924 1853 969 1932 τῷ
995 1846 1185 1933 &anaspum

100 1951 295 2035 λαμβάνων,
324 1950 361 2027 ὃς
388 1951 464 2016 οὑτε
492 1953 604 2027 πόλεις
630 1950 712 2015 κατὰ
741 1949 860 2035 κράτος
883 1948 968 2015 ἐλὼν
992 1949 1028 2015 ἐκ
1052 1974 1116 2016 τει·

99 2060 273 2142 γομαχίας,
301 2055 372 2122 οὔτ’
399 2050 436 2122 ἐν
464 2058 620 2146 ὑπαίθρῳ
648 2056 735 2141 μάχη
763 2056 920 2142 στρατιάν
946 2061 1117 2141 πολεμίων

99 2163 304 2248 τρεψάμενος
331 2164 521 2250 αἰχμάλωτα
547 2162 602 2229 καὶ
625 2168 747 2247 σκῦλα,
775 2154 825 2239 οἷς
847 2174 1017 2247 κοσμεῖται
1039 2168 1117 2249 θρί-

100 2273 219 2354 αμβος,
248 2272 360 2354 ἔμελλε
388 2271 553 2354 κατάγειν.
603 2270 771 2355 τοιγάρτοι
802 2268 903 2347 δόξαν
932 2268 1117 2347 αὐθαδείας

60 2400 88 2442 εο
101 2374 156 2441 καὶ
188 2386 248 2442 τοῦ
280 2372 384 2460 μηδὲν
413 2378 461 2440 ἐτι
488 2388 555 2441 τῶν
584 2375 710 2458 ὁμοίων
737 2386 805 2451 τοῖς
832 2376 946 2451 ἄλλοις
964 2387 1116 2460 φρονεῖν

65 2490 199 2557 2τοῦτο
223 2484 260 2546 τὸ
283 2484 383 2567 ε”ργον
407 2481 496 2569 αὐτῷ
524 2491 655 2566 πρῶτον
685 2481 846 2565 [φθόνον]
870 2482 999 2564 ἤνεγκε.
1045 2482 1117 2547 δια-

100 2587 308 2674 πραξάμενος
336 2583 373 2652 δὲ
396 2589 455 2652 τὸν
477 2590 648 2672 θρίαμβον
671 2587 760 2674 αὑτῷ
786 2587 930 2670 δοθῆναι
952 2587 1012 2664 τάς
1034 2591 1117 2671 πρὸς

95 2693 248 2781 Ἕρνικας
280 2692 454 2778 ἐξήνεγκεν
487 2694 678 2777 ὁμολογίας·
711 2688 808 2757 αὗται
842 2687 871 2758 δ’
906 2689 992 2777 ἦσαν
1025 2693 1116 2759 άυτί-

101 2826 226 2888 γραφοι
249 2811 316 2865 τῶν
338 2802 421 2885 πρὸς
442 2802 609 2877 Λατίνους
635 2797 841 2884 γενομένων,
869 2797 919 2885 ἐφ’
948 2791 1000 2877 αἷς
1027 2801 1116 2866 πάνυ

61 2933 88 2976 ιε
102 2910 249 2992 ἤχθοντο
287 2907 322 2973 οί
355 2907 579 2991 πρεσβύτατοί
606 2929 641 2971 τε
672 2904 728 2971 καὶ
760 2907 949 2991 τιμιώτατοι
980 2904 1036 2971 καὶ
1070 2904 1113 2972 δι’

102 3015 247 3093 ὑποψίας
270 3013 374 3079 αὐτὸν
397 3012 586 3098 ἐλάμβανον
608 3013 669 3080 οὐκ
692 3013 862 3092 ἀξιοῦντες
889 3022 947 3097 τῆς
974 3019 1047 3095 ίσης
1070 3037 1116 3079 τι-

174 3176 188 3224 1
209 3168 383 3241 εὐπορήσωσι
402 3168 424 3223 0
449 3168 479 3222 in
503 3169 526 3222 B
546 3171 613 3224 ante
632 3190 645 3225 ε
663 3187 762 3224 rasura
780 3177 850 3224 2-3
869 3169 1029 3224 litterarum
1049 3188 1117 3241 συμ

102 3244 237 3312 κορίσωσι
255 3259 279 3296 ο.
302 3240 445 3311 Kiessling
463 3243 598 3311 κορέσωσι
617 3241 690 3310 Brou
754 3248 839 3295 κτοῦ
859 3257 943 3310 supra
961 3240 1010 3297 lin.
1030 3241 1053 3295 B
1099 3248 1117 3296 4

103 3320 151 3380 τῆς
171 3313 235 3368 add.
254 3313 277 3367 B
366 3319 399 3367 10
419 3313 529 3383 στῆσαι]
549 3312 780 3380 καταστήσασθαι
799 3330 821 3366 ο.
841 3311 944 3366 Reiske
1031 3320 1065 3368 21
1085 3313 1116 3368 τὸ

101 3384 206 3508 ἰδδῗ
234 3389 238 3452 Ι
266 3393 377 3454 πρῶτον
397 3383 554 3453 φθόνονθ
578 3382 710 3456 πρῶ<τον
730 3383 866 3457 φθό>νον
885 3385 907 3437 Β
926 3383 1041 3453 φθόνον
1061 3385 1116 3440 del.

128 3471 183 3508 less
207 3473 246 3525 ng
