2424 3848
517 176 684 229 -Θ-
1043 174 1107 240 339

38 353 190 421 343μενοι
212 346 271 401 τοῦ
294 335 448 422 πολέμου.
484 347 545 402 τοῦ
568 333 605 400 δὲ
627 339 785 401 Μαλλίου
809 338 1026 414 κελεύσαντος
1048 337 1106 402 αύ-

91 453 162 520 τοῖς
184 441 345 527 ἀργύριόν
367 439 395 508 τ’
423 445 470 520 είς
482 443 707 526 ’ὀψωνιασμὸν
729 441 885 509 ἐνιαυτοῦ
907 451 946 528 τῇ
970 452 1106 530 στρατιᾷ

90 546 148 613 καὶ
176 549 319 632 διμηνου
345 550 469 635 τροφάς
496 545 693 633 ἀποφέρειν,
720 548 801 613 όταν
825 546 988 614 δὲταῦτα
1010 554 1105 635 ποιη-

92 669 197 719 σωσιν
224 655 272 730 είς
293 651 420 739 Ῥώμην
447 651 662 720 ἀποστέλλειν
687 656 766 731 τοὺς
790 655 1042 739 διαλεξομένους
1064 667 1104 743 τῇ

90 763 198 844 βουλῇ
227 757 304 844 περὶ
330 770 400 825 τῶν
430 759 631 843 διαλύσεων,
662 757 894 836 ἐπαινέσαντες
920 771 1022 826 ταῦτα
1048 762 1105 828 καὶ
1131 784 1145 825 τ

92 866 149 930 διὰ
171 863 296 950 ταχέων
318 868 357 930 τό
379 863 407 931 τ’
430 866 579 945 ὀψώνιον
602 874 640 950 τη
665 873 802 952 στρατιᾷ
821 863 877 930 καὶ
895 868 932 931 τὸ
951 866 1026 933 ἀντὶ
1044 879 1104 935 τοῦ

92 974 187 1037 σίτου
222 968 442 1058 συγχωρηθὲν
473 972 539 1036 ὑπὸ
570 981 632 1037 τοῦ
662 974 821 1037 Μαλλίου
852 971 1106 1057 κατενέγκαντες

91 1077 255 1163 ἀργύριον
284 1072 367 1160 ἧκον
395 1079 442 1155 είς
468 1079 530 1161 την
552 1075 692 1162 Ῥώμην·
725 1074 781 1142 καὶ
808 1078 1024 1156 καταστάντες
1051 1078 1105 1144 ἐπὶ

45 1244 48 1248 ,
90 1185 153 1268 την
171 1185 299 1268 βουλὴν
318 1184 516 1268 συγγνώμης
532 1180 585 1248 ἐπὶ
599 1193 668 1260 τοῖς
681 1185 837 1265 γεγονόσι
850 1194 963 1269 τυχεῖν
976 1184 1104 1270 ἠξίουν,

90 1288 147 1355 καὶ
176 1292 224 1367 είς
252 1293 311 1356 τὸν
340 1292 459 1356 λοιπὸν
488 1291 612 1373 χρόνον
641 1287 832 1373 ἀπαλλαγῆς
859 1298 920 1357 τοῦ
946 1289 1102 1375 πολέμου.
1118 1311 1145 1352 10

90 1399 225 1460 πολλῶν
255 1391 292 1459 δὲ
321 1391 510 1479 λεχθέντων
541 1395 587 1470 είς
615 1392 785 1479 ἀμφότερα
814 1395 854 1459 τά
881 1392 963 1482 μέρη
992 1399 1138 1479 λόγων3

91 1500 243 1584 ἐνίκησεν
272 1499 292 1582 η
321 1498 525 1566 σπένδεσθαι
551 1508 759 1584 παραινοῦσα
785 1502 845 1566 τὸν
871 1502 954 1586 πρὸς
982 1502 1104 1580 αὐτοὺς

90 1610 236 1692 πόλεμον
258 1607 386 1691 γνώμη,
408 1608 562 1688 γίνονταί
581 1603 609 1671 τ’
631 1604 750 1691 ἀνοχαὶ
772 1616 832 1672 τού
853 1605 1000 1691 πολέμου
1020 1612 1104 1696 πρὸς

86 1712 212 1790 ἀὐτοὺς
233 1723 570 1797 τεσσαρακονταετεῖς.
609 1709 664 1777 καὶ
683 1714 718 1777 οί
733 1709 795 1796 μέν
813 1709 961 1799 ἀπῄεσαν
978 1718 1104 1794 πολλάς

89 1828 128 1905 τῇ
156 1823 250 1885 πόλει
277 1827 334 1902 τῆς
361 1820 495 1904 εἰρήνης
522 1817 656 1903 χάριτας
679 1820 818 1902 εἰδότες,
848 1817 927 1886 όδδ
949 1821 1102 1901 Μάλλιος
1117 1844 1143 1884 τε

89 1924 291 2010 ἀφικόμενος
313 1925 359 2001 είς
381 1925 443 2008 την
465 1927 577 2008 πόλιν,
600 1922 653 1990 ἐπὶ
676 1932 715 2010 τῇ
733 1927 911 1990 καταλύσει
928 1937 989 1992 τοῦ
1006 1928 1102 1995 πολέ-

89 2055 155 2115 μου
174 2032 233 2095 τὸν
251 2031 349 2107 πεζὸν
365 2033 537 2116 θρίαμβον
556 2030 784 2115 αἰτησάμενος,
806 2033 934 2114 ἔλαβεν.
971 2030 1101 2114 ἐγένετο

38 2134 127 2204 844δδ
150 2134 206 2200 καί
226 2139 358 2220 τίμησις
380 2133 433 2201 ἐπὶ
454 2145 514 2220 της
535 2137 663 2201 τούτων
686 2133 799 2220 ἀρχῆς,
821 2134 877 2200 καὶ
899 2132 985 2220 ἦσαν
1004 2138 1040 2202 οἱ
1054 2162 1101 2203 τι-

88 2242 273 2327 μησάμενοι
302 2245 434 2307 πολῖται
463 2251 549 2327 σφᾶς
577 2238 606 2306 τ’
636 2240 757 2317 αὐτοὺς
786 2238 841 2306 καὶ
869 2242 1018 2327 χρήματα
1045 2241 1101 2308 καὶ

87 2352 165 2426 τοὺς
191 2347 229 2414 ἐν
256 2347 322 2434 ἥβη
348 2349 469 2425 παῖδας
492 2348 594 2436 ὀλίγῳ
617 2349 751 2424 πλείους
773 2349 964 2433 τρισχιλίων
986 2369 1020 2411 τε
1044 2345 1098 2412 καὶ
1113 2370 1140 2410 ιο

88 2453 167 2520 δέκα
190 2454 372 2542 μυριάδων.

153 2560 322 2627 XXXVII.
361 2561 406 2626 θλ
433 2556 472 2626 δὲ
497 2561 579 2645 μετδι
605 2561 744 2637 τούτους
770 2562 1017 2646 παραλαβόντες
1038 2560 1100 2643 τὴν

85 2668 213 2732 ύπατον
236 2665 352 2752 ἀρχήν,
378 2668 517 2744 Λεύκιος
539 2669 692 2752 Αἰμίλιος
713 2667 894 2754 Μάμερκος
915 2668 953 2731 τὸ
976 2669 1100 2751 τρίτον,

84 2772 142 2840 καὶ
166 2773 352 2852 Οὐοπίσκος
371 2769 524 2858 Ἰούλιος,
549 2771 604 2840 ἐπὶ
630 2781 687 2856 τῆς
714 2770 856 2859 ἑβδόμης
880 2771 937 2839 καὶ
959 2770 1100 2859 ἑβδομη-

85 2889 206 2965 κοστῆς
228 2879 443 2965 ὀλυμπιάδος,
464 2879 508 2963 ἣν
527 2877 619 2946 ἐνίκα
637 2879 773 2945 στάδιον
792 2879 928 2963 Δάνδης
942 2875 1098 2966 Ἀργεῖος,
1112 2897 1138 2939 ιε

159 3007 173 3055 1
197 3002 311 3054 Μαλίου
329 3000 375 3054 Bb
448 3005 463 3054 ’ί
487 2998 771 3069 Ι”κατενεγιιόντεςο
794 2998 901 3054 correxi
973 3005 989 3054 8
1012 3000 1099 3069 ἀργύ-

86 3090 149 3142 ριον
172 3087 226 3126 om.
244 3071 291 3124 Ba
398 3076 430 3124 11
454 3069 542 3125 verba
563 3069 629 3125 inde
649 3087 666 3124 a
684 3073 793 3125 πολλῶν
811 3086 900 3138 usque
918 3069 956 3124 ad
973 3070 1096 3140 πολέμου

85 3161 111 3198 v.
133 3148 166 3196 13
189 3143 305 3212 propter
322 3140 550 3196 homoeoteleuta
567 3157 620 3197 om.
640 3141 687 3195 Ba
705 3157 823 3209 quorum
860 3139 936 3194 τίοιεν
954 3155 1042 3207 usque
1061 3139 1098 3193 ad

85 3210 156 3283 μέρη
175 3211 264 3282 λόγων
288 3211 352 3266 add.
371 3211 472 3280 Bbmg
578 3218 614 3268 20
635 3213 791 3283 τρισχιλίων
809 3158 859 3264 κάδ
876 3205 1097 3281 τρισκαίδεκαΒ

86 3290 122 3338 24
143 3284 252 3346 τούλιος
269 3285 294 3337 Α
401 3288 436 3338 25
462 3281 541 3344 δάτις
558 3281 584 3334 Α
605 3281 720 3345 δάνειος
737 3282 784 3336 Ba
806 3280 904 3343 δάντις
920 3279 967 3333 Bb
991 3278 1098 3348 δάνδης

85 3354 200 3410 Diodor.
219 3353 259 3408 XI
278 3359 321 3424 53,
341 3359 355 3408 1
381 3356 411 3409 et
428 3353 551 3423 Rutgers
570 3352 606 3407 ad
624 3351 690 3408 Iulii
704 3352 789 3409 Afric.
808 3351 907 3421 δλυμπ.
926 3350 1097 3422 ἀναγραφὴν

885 3510 937 3564 22*
