2424 3848
501 179 668 231 -Θ-
1025 181 1092 246 335

74 348 136 422 τῆς
153 335 276 422 Ῥώμης
297 334 373 422 περὶ
397 337 510 422 δείλην
534 338 712 416 ὀψίανκαὶ
736 342 853 425 διαβάς
870 344 930 408 τὸν
953 339 1089 428 Τέβεριν

24 445 118 514 33νού
146 445 277 528 μακράν
304 441 460 527 ἀποσχὼν
486 453 544 527 τῆς
570 448 696 523 πόλεως
717 447 1090 533 κατεστρατοπέδευσεν·

75 547 175 616 ἔπειτ’
196 548 380 632 ἀναστήσας
398 550 459 633 τὴν
478 553 635 635 στρατιάν
653 550 729 637 περὶ
747 550 849 637 μέσας
866 555 986 632 νύκτας
1008 551 1099 640 ἦγεν

75 656 115 722 ἐν
143 657 251 742 τάχει,
279 654 335 722 καὶ
362 654 444 741 πρὶν
472 654 599 743 ἡμέραν
626 657 784 740 γενέσθαι
812 658 942 749 θατέρω
970 661 1089 747 χάρακι

74 774 144 829 τῶν
165 765 334 846 πολεμίων
358 761 505 847 ἐπέβαλε.
542 764 604 829 δύο
623 765 686 849 γάρ
705 759 748 847 ἦν
766 767 970 850 στρατόπεδα
987 756 1129 868 χωρλς4ὅ

75 867 139 954 μέν
165 872 203 936 τὸ
237 873 433 954 Τυρρηνῶν,
464 866 604 954 ἑτέρωθι
632 867 670 934 δέ
696 872 734 935 τὸ
762 874 935 955 Σαβίνων,
963 873 1004 938 οὐ
1032 875 1087 938 διδι
1139 892 1142 897 ’

75 985 205 1061 μακροῦ
224 974 377 1058 ἀλλήλων
394 973 567 1060 ἀπέχοντα.
599 976 712 1061 πράτη
732 973 770 1041 δὲ
787 979 1009 1062 προσαγαγὼν
1027 979 1088 1062 τὴν

75 1082 221 1166 δύναμιν
244 1090 282 1166 τῇ
301 1084 461 1165 Σαβίνων
480 1083 725 1169 στρατοπεδείᾳ,
747 1080 1021 1166 καθυπνωμένων
1040 1087 1088 1148 ἔτι

74 1199 143 1254 τῶν
164 1190 329 1252 πλείστων
350 1184 406 1251 καὶ
429 1185 586 1270 οὐδεμιᾶς
609 1187 711 1270 οὔσης
733 1186 909 1269 ἀξιολόγου
927 1194 1088 1274 φυλακῆς,

40 1329 43 1334 ·
75 1285 131 1360 οἷα
158 1292 196 1359 ἐν
223 1297 320 1378 φιλίᾳ
346 1315 380 1358 τε
410 1301 452 1377 γη
479 1289 535 1357 καὶ
556 1293 639 1357 κατὰ
660 1294 788 1377 πολλὴν
810 1294 997 1376 ὑπεροψίαν
1019 1306 1086 1361 τῶν
1101 1324 1127 1364 ιο

73 1403 242 1483 πολεμίων
275 1399 404 1484 οὐδαμῇ
437 1396 706 1482 ἀγγελλομένων,
738 1397 771 1477 ἐξ
805 1398 930 1485 ἐφόδου
961 1404 1087 1484 γίνεται

73 1508 195 1589 ταύτης
222 1504 388 1591 ἐγκρατής.
432 1516 499 1570 τῶν
528 1502 559 1569 δ’
584 1504 776 1591 ἀνθρώπων
804 1507 839 1572 οί
860 1503 926 1590 Ιμέν
954 1507 991 1573 ἐν
1016 1519 1087 1586 ταῖς

72 1614 199 1688 κοίταις
229 1613 278 1676 ἐτι
309 1613 402 1688 όντες
432 1598 705 1695 κατεσφάγησαν,
741 1613 777 1677 οί
807 1610 838 1677 δ’
873 1612 1086 1699 ἀνιστάμενοι

74 1717 194 1803 ἀρτίως
216 1714 271 1787 καὶ
293 1718 334 1782 τδι
353 1717 438 1782 ὅπλα
457 1715 666 1800 ἐνδυόμενοι,
689 1717 725 1783 οί
742 1716 771 1782 δ’
792 1718 994 1805 ὡπλισμένοι
1013 1719 1086 1805 μέν,

73 1824 237 1910 σποράδες
260 1819 297 1888 δέ
318 1821 375 1889 καὶ
397 1823 459 1888 οὐκ
482 1822 519 1888 ἐν
540 1822 630 1901 τάξει
650 1822 864 1908 ἀμυνόμενοι,
889 1826 924 1891 οί
941 1822 978 1891 δέ
995 1832 1084 1892 πλεί-
1100 1853 1125 1895 15

73 1934 156 1997 avoc
169 1931 348 2015 φεύγοντες
366 1928 419 1994 ἐπὶ
438 1931 497 1995 τὸν
515 1928 628 2014 ἕτερον
646 1931 772 2016 χάρακα
789 1931 855 1997 ὑπὸ
873 1942 940 1997 τῶν
959 1931 1085 1998 ίππέων

71 2039 402 2122 καταλαμβανόμενοι
424 2035 664 2120 διεφθάρησαν.

138 2141 272 2208 XXXV.
314 2146 441 2207 Τοῦτον
469 2137 507 2205 δὲ
533 2142 592 2206 τὸν
619 2143 743 2224 τρόπον
770 2139 909 2217 ἁλόντος
933 2150 1084 2207 τοῦτόν

24 2252 233 2333 338Σαβίνων
260 2249 401 2334 χάρακος
429 2242 488 2331 ἦγε
515 2246 576 2329 τὴν
604 2245 747 2328 δύναμιν
775 2246 793 2311 δ
823 2243 1004 2331 Οὐαλέριος
1030 2246 1084 2313 ἐπὶ

71 2358 132 2421 τὸν
154 2354 280 2441 ἕτερον,
303 2357 387 2420 ένθα
409 2348 496 2437 ἦσαν
519 2353 555 2418 οί
571 2348 767 2417 Οὐιεντανοὶ
790 2355 914 2437 χωρέειν
935 2352 975 2417 οὐ
993 2353 1083 2419 πάνυ
1097 2377 1125 2417 νο

72 2462 194 2548 ἐχυρὸν
216 2463 456 2544 κατειληφότες.
489 2464 608 2524 λαθεῖν
626 2455 687 2544 μέν
706 2452 768 2524 οὖν
787 2456 897 2545 οὐκέτι
915 2456 1083 2545 ἐνεδέχετο

70 2570 151 2644 τοὺς
179 2570 379 2652 προσιόντας
407 2574 452 2653 τῷ
483 2565 616 2652 χάρακι·
652 2563 758 2649 ἡμέρα
776 2554 821 2630 τε
853 2565 916 2649 γάρ
945 2560 989 2648 ην
1017 2567 1082 2651 ἤδη

70 2673 222 2760 λαμπρά,
252 2670 308 2738 καὶ
339 2684 406 2738 τῶν
436 2674 595 2755 Σαβίνων
625 2671 660 2737 οί
686 2673 850 2756 φυγόντες
878 2669 1082 2754 ἀπήγγειλαν

68 2791 141 2856 τοῖς
168 2783 351 2865 Τυρρηνοῖς
377 2780 439 2861 τη’ν
464 2774 501 2843 θ’
529 2777 639 2843 αὐτῶν
667 2780 842 2863 συμφοράν
866 2776 923 2842 καὶ
944 2779 1006 2862 την
1029 2775 1079 2843 ἐπ’

70 2885 220 2962 ἐκείνους
241 2887 367 2950 έλασιν·
391 2883 573 2966 ἀναγκαίου
592 2880 621 2948 δ’
639 2879 682 2968 ην
701 2882 741 2975 ἐκ,
755 2892 816 2949 τοῦ
834 2893 995 2970 καρτεροῦ
1013 2894 1083 2961 τοῖς
1096 2902 1122 2943 25
1159 2884 1162 2888 ’

135 3153 161 3203 ,4
183 3141 215 3200 ἐν
232 3146 311 3213 τάξει
329 3145 352 3199 Ο
376 3140 407 3200 ἐν
425 3145 504 3215 τάχει
521 3144 665 3214 Kiessling
759 3151 775 3200 5
798 3144 881 3215 χωρίς
899 3145 950 3214 μὲν
968 3154 1018 3200 τοῦ
1037 3146 1082 3198 Ba

33 3239 95 3288 χ.
114 3238 142 3287 μ.
161 3216 256 3272 τῶνΟ
328 3211 551 3286 6ἕτέρωθενΑ
624 3222 656 3269 11
679 3212 830 3287 γίνετ<οιι>
849 3215 974 3284 οιότῆςΒ
1048 3221 1081 3269 12

70 3289 246 3360 ἀνθρώπων]
265 3288 342 3342 άνῶν
361 3291 393 3340 ut
411 3304 496 3356 saepe
514 3287 539 3340 A
608 3292 640 3342 13
660 3285 817 3359 ὀντ<ες>Β
886 3294 918 3340 15
938 3286 969 3341 δὲ
989 3286 1080 3341 om.B

71 3366 104 3413 16
126 3362 219 3414 ἵππων
238 3358 291 3412 ΑΒ
364 3363 398 3412 23
417 3359 568 3427 φεύγοντες
585 3356 607 3412 0
627 3357 764 3427 φυγόντες
782 3354 905 3410 Sintenis
924 3356 985 3412 Em.
999 3357 1081 3414 Dion.

68 3431 109 3484 ΠΙ
129 3436 162 3484 13
235 3434 269 3484 26
288 3429 361 3484 κατά
378 3427 410 3483 τδ
428 3428 564 3499 καρτερὸν
583 3444 606 3484 ο.
626 3428 715 3483 Cobet
733 3429 799 3484 obs.
816 3446 844 3496 p.
861 3432 912 3484 180
