2424 3848
128 161 194 226 350
550 161 718 214 -Θ-

90 327 163 390 4τὸ
195 326 383 408 δημοτικόν.
428 318 471 406 ἦν
502 315 531 387 δ’
558 322 579 404 ἡ
606 331 667 388 τοῦ
694 324 797 406 μηνὸς
825 322 953 389 ἐκείνου
981 323 1141 408 ἡγεμονία

125 440 170 518 τῷ
185 432 332 518 Κοιντίῳ
350 431 575 513 προσήκουσα,
593 425 669 493 ὥστ’
688 427 870 513 ἀναγκαῖον
888 424 931 513 ην
948 431 1009 494 τὸν
1028 428 1141 515 ἕτερον

126 546 192 601 νῦν
229 536 365 601 ὑπάτων
397 530 502 618 μηδὲν
533 535 672 610 ἄκοντος
704 533 833 600 ἐκείνου
864 546 983 600 ποιεῖν.
1039 537 1076 600 οί
1105 532 1141 601 δὲ

125 640 201 728 περὶ
224 643 284 706 τὸν
302 642 456 706 Πόπλιον
480 641 642 726 δήμαρχοι
666 636 772 706 οὐθὲν
796 642 844 705 ἔτι
865 642 1141 725 διαμελλήσαντες

99 750 185 816 στὸν
209 746 245 812 ἐν
268 755 313 834 τςῦ
337 749 488 832 πρόσθεν
510 745 650 834 ἐνιαυτῷ
675 746 716 811 οὐ
739 744 929 830 δυνηθέντα
947 749 1055 832 νόμον
1074 747 1140 813 ἐπι-

125 859 322 939 κυρωθῆναι
334 852 437 917 πάλιν
450 849 636 938 εἰσέφερον,
648 852 922 939 προσγράψαντες
936 853 1025 940 αὐτῷ
1039 853 1139 920 καὶτὸ

125 971 191 1024 τῶν
210 958 429 1043 ἀγορανόμων
446 958 581 1044 ἀρχεῖον
599 957 636 1024 ἐν
654 970 726 1036 ταῖς
738 959 853 1036 αὐταῖς
865 966 1160 1046 ψηφοφορεῖσθαι-

125 1064 328 1149 ἐκκλησίαις,
355 1063 411 1130 καὶ
433 1064 540 1130 πάντα
562 1058 682 1148 τᾶλλα,
709 1064 771 1130 ὅσα
794 1064 831 1131 ἐν
852 1073 898 1152 τῷ
924 1067 1019 1153 δημφ
1041 1067 1140 1151 πράτ-

124 1174 246 1237 τεσθαί
265 1195 299 1236 τε
322 1169 378 1237 καὶ
401 1171 642 1258 ἐπικυροῦσθαι
665 1173 788 1257 δεήσει,
811 1172 877 1237 ὑπὸ
899 1183 966 1237 τῶν
985 1177 1179 1257 φυλετῶν186

85 1307 110 1346 10
126 1277 382 1363 ἐπιψηφίζεσθαι
404 1278 486 1347 κατὰ
504 1277 638 1343 ταύτόν·
662 1278 743 1362 ὅπερ
762 1271 804 1361 ἦν
823 1278 887 1363 άρα
905 1286 962 1362 τῆς
980 1274 1043 1362 μὲν
1060 1282 1139 1364 βου-

124 1389 183 1468 λῆς
204 1384 382 1461 κατάλυσις
404 1384 549 1470 φανερά,
571 1393 632 1450 τοῦ
655 1380 692 1448 δὲ
716 1385 824 1468 δήμου
848 1385 1038 1450 δυναστεία.

190 1489 394 1555 ΧΧΧΧΙΠΙ.
440 1494 545 1556 Τοῦτο
573 1496 723 1574 μαθοῦσι
748 1499 819 1567 τοῖς
840 1489 978 1566 ὑπάτοις
1001 1489 1138 1577 φροντίς

123 1593 227 1681 είσῄει
256 1593 312 1661 καὶ
342 1598 515 1679 λογισμός,
545 1595 634 1673 ὅπως
663 1594 705 1661 άυ
735 1595 772 1662 ἐν
799 1596 890 1680 τάχει
917 1594 973 1660 καὶ
1001 1599 1065 1662 σὺν
1093 1604 1136 1684 τῷ

124 1702 268 1788 ἀσφαλεῖ
297 1703 335 1767 τὸ
366 1709 575 1787 παρακινοῦν
605 1699 661 1767 καὶ
694 1702 868 1780 στασιάζον
901 1701 1068 1788 ἐξαιρεθῇ.
1118 1703 1134 1769 ὁ

83 1834 110 1876 15
123 1804 185 1893 μὲν
213 1801 274 1872 οὖν
291 1804 431 1883 ”Αππιος
458 1804 512 1871 ἐπὶ
539 1808 580 1871 τά
607 1806 693 1872 ὅπλα
720 1812 835 1873 καλεῖν
861 1808 998 1891 γνώμην
1023 1807 1135 1875 ἐδίδου

123 1913 200 1989 τοὺς
223 1908 449 1996 βουλομένους
472 1913 636 1991 σώζεσθαι
658 1913 719 1996 την
742 1912 881 1997 πάτριον
899 1917 1085 1980 πολιτείαν·
1108 1915 1136 1979 εί

124 2017 164 2082 δέ
183 2041 270 2096 τινες
292 2017 427 2084 ἐναυτία
447 2021 612 2103 θήσονται
635 2022 729 2104 σφίσι
751 2019 791 2083 τά
814 2019 916 2102 ὅπλα,
938 2021 1078 2098 τούτους
1100 2019 1133 2086 ἐν

88 2128 291 2210 2πολεμίων
318 2132 489 2191 ποιεῖσθαι
516 2129 625 2212 μοίρᾳ.
671 2125 688 2191 δ
717 2120 754 2188 δὲ
777 2127 933 2202 Κοίντιος
955 2128 1046 2215 λόγῳ
1068 2130 1134 2192 πεί-

122 2237 200 2298 θειν
224 2229 305 2319 ρ’ίετο
330 2233 402 2297 δεῖν
424 2234 502 2308 τοὺς
525 2233 723 2316 δημοτικοὺς
744 2227 799 2295 καί
820 2231 1074 2315 μεταδιδάσκειν
1094 2234 1134 2310 ὡς

83 2365 109 2405 ιο
123 2335 167 2402 δι’
194 2338 335 2421 άγνοιαν
360 2347 421 2404 τοῦ
444 2335 671 2424 συμφέροντος
694 2338 742 2414 είς
764 2335 904 2422 όλέθρια
924 2339 1133 2423 βουλεύματα

122 2440 340 2529 φερομένους1
361 2442 497 2529 ἐσχάτης
516 2446 636 2528 μανίας
653 2445 754 2530 ἔργον
771 2438 858 2509 εἶναι
876 2440 996 2528 λέγων,
1015 2443 1035 2509 ά
1054 2440 1129 2531 παρ’

123 2547 268 2616 ἑκόντων
287 2549 392 2627 ἔξεστι
409 2547 573 2636 φέρεσθαι
588 2560 655 2615 τῶν
670 2547 1015 2635 συμπολιτευομένων,
1032 2561 1132 2618 ταῦτα

24 2664 27 2669 ’
87 2651 198 2741 3παρ’
221 2653 371 2721 ἀκόντων
394 2656 578 2741 βούλεσθαι
600 2656 791 2740 λαμβάνειν.
828 2654 1076 2723 ἐπαινεσάντων
1097 2652 1179 2722 δέιῖά

121 2759 190 2827 καί·
205 2770 273 2827 τῶν
300 2762 412 2827 άλλων
438 2774 505 2828 τῶν
533 2759 888 2848 συμπαραληφθέντων
914 2763 963 2839 είς
989 2763 1027 2828 τὸ
1057 2780 1132 2829 συν-

194 2994 210 3042 ῦ
230 2983 443 3058 ἐπικυρωθῆναι
456 2988 544 3059 νόμον
564 2988 750 3058 OpraeterB
807 2991 823 3041 9
842 2982 1042 3058 ἐπικυροῦσθαι
1056 2987 1130 3043 ABG

122 3056 329 3128 ἐπικυροῦσθαι
348 3060 423 3130 Cmg
440 3062 470 3115 et
488 3058 621 3116 Gelenius
694 3065 727 3115 10
746 3057 855 3113 *τοῦτὸ
875 3057 898 3113 Ο
918 3059 1027 3114 oorrexi
1101 3065 1130 3113 13

121 3130 201 3200 λόγος
220 3130 242 3185 O
261 3131 389 3202 λογισμὸς
407 3147 429 3187 c.
444 3130 589 3202 Kiessling
677 3135 712 3186 14
734 3123 796 3197 ἐξαι
814 3130 896 3198 εθείη
915 3146 937 3186 c.
958 3128 1051 3186 Cobet
1069 3129 1129 3186 obs.

120 3221 147 3272 p.
169 3207 216 3257 181
294 3207 327 3256 16
345 3208 404 3266 τοῖς
422 3200 601 3276 βουλομένοις
620 3201 642 3258 0
661 3149 818 3271 μενοῦντά
891 3206 923 3256 17
943 3195 1062 3257 ἐναντία
1079 3199 1130 3269 θά-

121 3290 219 3328 οονται
237 3273 284 3327 Ba,
302 3268 562 3342 ἐναντιωθησονται
579 3273 605 3328 R
623 3272 658 3329 cf.
673 3271 763 3328 Cobet
781 3270 847 3327 obs.
864 3288 892 3339 p.
910 3277 942 3326 12
967 3274 972 3343 1
999 3270 1079 3342 σφίσι
1098 3270 1130 3327 τὰ

121 3341 193 3398 ὅπλα
212 3344 257 3398 Ba
281 3347 360 3414 σφίσι
377 3345 448 3416 πρὸς
464 3345 500 3400 τά
518 3345 543 3401 δ.
561 3346 587 3400 R
675 3350 710 3400 20
734 3337 765 3399 ἐν
784 3342 887 3417 άγνοίηι
904 3342 952 3396 Ba
970 3345 1004 3398 ut
1021 3343 1129 3400 videtur

121 3418 155 3467 21
179 3413 290 3486 π<α>ρ’
312 3415 358 3468 Bb
449 3422 484 3471 24
505 3424 562 3471 τῶν
580 3432 634 3471 om.
653 3413 678 3469 A
698 3417 702 3486 Ι
722 3411 970 3486 παραληφθέντων
988 3415 1012 3469 Β
