2424 3848
119 207 181 273 118
539 213 700 262 -Ζ-

114 378 206 436 θεῶν
230 373 355 449 εἰκόνες
372 370 560 456 ἐπόμπευον
580 373 681 455 ὤμοις
702 369 759 436 ὑπ’
781 370 914 457 ἀνδρῶν
934 375 1131 458 φερόμεναι,

115 478 246 564 μορφάς
267 476 304 544 θ’
325 479 442 564 ὁμοίας
459 477 662 564 παρέχουσαι
684 490 755 555 ταίς
776 475 855 562 παρ’
870 476 1011 562 Ἕλλησι
1028 483 1131 545 πλατ-

114 582 267 669 τομέναις
288 582 344 650 καί
367 586 486 662 σκευὰς
507 583 563 651 καί
585 585 736 669 σύμβολα
758 582 814 650 καί
838 584 974 671 δωρεάς,
1001 579 1054 650 ὧν
1077 585 1132 651 εῦ-

115 688 205 776 ρεταί
223 688 279 756 καὶ
298 692 434 776 δοτῆρες
452 689 645 776 ἀνθρώποις
664 689 795 757 ἕκαστοι
811 691 1067 775 παραδίδονται,
1090 691 1131 757 οὐ

87 818 101 860 ε
116 800 221 882 μόνον
240 798 324 874 Διὸς
340 795 397 862 καί
409 794 518 882 Ἥρας
534 795 590 862 καί
605 794 748 880 Ἀθηνᾶς
767 793 823 862 καί
841 798 1058 875 Ποσειδῶνος
1075 795 1132 863 καί

114 915 180 969 τῶν
204 905 331 987 ἄλλων,
359 902 418 980 οὓς
435 900 602 987 Ἕλληνες,
616 902 654 968 έν
675 914 745 980 τοῖς
763 904 892 969 δώδεκα
913 910 1011 982 θεοῖς
1032 928 1131 987 κατα·

114 1017 312 1095 ριθμοῦσιν,
342 1009 427 1076 ἀλλά
460 1008 515 1075 καὶ
544 1020 611 1075 τῶν
637 1007 920 1097 προγενεστέρων,
952 1008 986 1088 ἐξ
1018 1004 1069 1076 ὧν
1094 1010 1173 1076 οἰῶν

114 1117 243 1182 δώδεκα
277 1115 354 1183 θεοὶ
384 1121 655 1201 μυθολογοῦνται
686 1116 862 1200 γενέσθαι,
898 1118 1036 1203 Κρόνου
1072 1114 1128 1182 καί

66 1242 68 1248 ’
108 1221 198 1300 Ῥέας
220 1222 275 1288 καί
295 1222 437 1307 Θέμιδος
454 1219 510 1288 καὶ
528 1226 660 1307 Λητοῦς
676 1219 732 1287 καί
750 1225 893 1308 Μοιρῶν
909 1220 965 1288 καὶ
983 1226 1126 1308 Μνημο-

74 1351 100 1390 ιο
114 1331 218 1414 σῦνης
240 1327 295 1395 καὶ
317 1341 383 1393 τῶν
406 1329 518 1393 άλλων
540 1327 712 1412 ἁπάντων,
742 1327 831 1394 ὅσων
859 1325 949 1394 έστίν
977 1329 1051 1411 ίερδ
1073 1327 1128 1394 καί

113 1434 231 1520 τεμένη
258 1432 334 1520 παρ’
355 1432 506 1518 Ἕλλησι·
538 1433 593 1500 καί
620 1447 687 1500 τῶν
716 1434 872 1519 ὕστερον,
904 1432 962 1520 ἀφ’
993 1430 1036 1501 οὗ
1067 1437 1127 1520 την

114 1542 219 1628 άρχην
234 1543 319 1617 Ζεὺς
336 1538 511 1626 παρέλαβε,
530 1540 837 1625 μυθολογουμένων
850 1540 1020 1627 γενέσθω,
1039 1546 1129 1626 Περ-

115 1651 261 1734 σεφόνης
282 1650 478 1725 Εἰλειθυίας
501 1652 655 1733 Νυμφῶν
675 1650 827 1713 Μουσῶν
845 1645 955 1734 Ὡρῶν
973 1652 1127 1734 Χαρίτων

115 1756 304 1838 Διονύσου,
328 1753 383 1820 καί
407 1755 496 1820 ὅσων
519 1753 668 1839 ἡμιθέων
691 1753 881 1839 γενομένων
902 1755 941 1819 αἰ
959 1753 1066 1840 ψυχαί
1088 1757 1129 1820 τὰ

73 1880 98 1920 1⁵
111 1863 221 1946 θνητὰ
248 1861 469 1928 ἀπολιποῦσαι
493 1862 627 1946 σώματα
649 1863 696 1938 εἰς
723 1860 869 1947 οὐρανὸν
892 1859 1052 1926 ἀνελθεῖν
1075 1860 1128 1928 λε’·

111 1992 245 2053 γονται,
278 1966 333 2034 καί
365 1970 460 2052 τιμάς
495 1973 607 2053 λαχεῖν
637 1967 753 2051 ὁμοίας
781 1974 893 2050 θεοῖς,
920 1965 1128 2052 Ἡρακλέους

108 2071 306 2160 Ἀσκληπιοῦ
320 2077 542 2160 Διοσκούρων
556 2076 707 2158 Σελήνης
723 2076 838 2151 Πανὸς
855 2074 966 2139 άλλων
985 2079 1128 2161 μυρίων.

61 2185 102 2248 14
110 2185 219 2247 καίτοι
242 2185 274 2247 εἰ
294 2182 457 2267 βάρβαροι
479 2176 565 2266 ἦσαν
584 2182 620 2246 οἰ
638 2181 699 2264 την
718 2178 845 2266 Ῥώμην
865 2182 1050 2259 οἰκίσαντες
1072 2180 1129 2248 καί

110 2289 172 2372 την
199 2285 318 2373 ἑορτὴν
345 2289 469 2373 ταύτην
497 2288 795 2372 καταστησάμενοι,
822 2290 858 2352 τί
876 2295 1046 2373 προσῆκεν
1069 2287 1128 2353 αδ-

71 2415 97 2454 εο
110 2405 180 2471 τοῖς
208 2397 286 2471 τοὺς
317 2392 379 2479 μὲν
401 2392 615 2479 Ἑλληνικοὺς
643 2395 790 2471 ἅπαντας
819 2391 929 2478 σέβειν
958 2396 1064 2471 θεούς
1091 2390 1127 2460 τε

110 2499 165 2567 καί
193 2502 368 2586 δαίμονας,
395 2512 462 2567 τῶν
491 2499 528 2566 δὲ
554 2503 702 2586 πατρίων
729 2501 913 2586 ὑπερορᾶν;
941 2498 962 2584 ἦ
987 2499 1126 2578 δειξάτω

110 2631 160 2684 τις
182 2607 262 2692 ἡμίν
285 2607 346 2686 ἔξω
369 2618 430 2673 τοῦ
448 2605 651 2692 Ἑλληνικοῦ
669 2612 779 2691 φῦλον
802 2606 926 2692 ἕτερον,
953 2599 981 2693 ᾧ
1004 2606 1128 2688 πάτριά

112 2714 181 2781 έστι
204 2723 306 2780 ταῦτα
328 2714 368 2778 τά
392 2715 480 2800 ίερά,
507 2712 561 2779 καί
589 2716 661 2779 τότε
692 2711 895 2797 διαβαλλέτω
918 2714 1044 2798 ταύτην
1065 2715 1128 2797 την

62 2823 103 2889 15
113 2821 283 2899 ἀπόδειξιν
302 2821 346 2898 ὡς
364 2819 425 2905 οὐχ
443 2820 529 2904 ὑγιῆ.
576 2822 850 2904 συντελεσθείσης
867 2815 903 2884 δέ
921 2827 979 2903 τῆς
994 2828 1129 2904 πομπῆς

73 2946 100 2987 2⁵
114 2928 324 3013 ἐβουθύτουν
351 2927 455 3003 εὐθὺς
482 2927 518 2993 οἵ
541 2924 578 2992 θ’
607 2926 727 2991 ὕπατοι
753 2927 809 2990 καὶ
836 2936 903 2991 τῶν
932 2922 1050 3012 ἱερέων
1077 2917 1128 3003 οἷς

114 3035 225 3120 ὅσιον,
254 3033 309 3100 καὶ
336 3034 354 3099 ὁ
382 3044 448 3099 τῶν
475 3037 672 3118 θυηπολιῶν
702 3022 823 3117 τρόπος
846 3033 864 3099 ὁ
888 3031 987 3110 αὐτὸς
1013 3027 1058 3117 ἧν
1080 3040 1173 3120 τβ11

184 3191 285 3284 2έχου
287 3209 334 3245 σαι
353 3208 375 3246 ο.
396 3189 540 3282 Kiessling
593 3195 681 3259 λαυρ
683 3187 877 3244 αδέδοντιιιο
895 3187 1043 3258 Kiessling
1094 3196 1125 3244 11

112 3259 165 3331 ἀφ’
188 3214 369 3331 ὧνχΑΒάᾷ
391 3281 424 3316 ου
411 3257 468 3314 R
551 3260 854 3331 12ΦερσεφόνηςΑΒ
937 3259 1004 3315 17*
1013 3207 1128 3330 Ελένης

114 3282 155 3387 Οφ
156 3336 295 3404 Σειληνοῦ
315 3350 338 3390 c,
352 3332 496 3402 Kiessling
514 3282 659 3401 Σελήνηςρ
658 3348 711 3402 ego
731 3332 765 3385 cf.
781 3331 888 3386 Preller
900 3330 991 3400 Myth.
1007 3348 1100 3401 graec
1114 3331 1127 3386 l

112 3410 207 3474 11363
232 3408 261 3460 et
284 3412 335 3459 613
429 3410 460 3458 18
479 3402 579 3472 οἰκήσω
561 3422 643 3465 οντες
665 3403 717 3455 ΑΒ
818 3410 851 3458 20
874 3401 984 3466 πάντας
1008 3404 1031 3458 Ο
1057 3419 1125 3458 corr

112 3423 258 3546 Kiessling
328 3482 363 3530 24
383 3475 433 3544 οἰιγ
451 3475 610 3546 ὡςθγιῆΒ
682 3480 717 3528 26
736 3473 751 3528 ὁ
771 3473 877 3530 add.B
