2424 3848
108 184 175 250 322
530 179 698 232 -Θ-

74 348 174 422 9θός
195 368 229 411 τε
253 341 308 409 καὶ
331 342 451 428 ἀρετην
473 352 541 407 τῶν
563 338 787 424 ἀπολομένων.
827 338 912 407 ὥσθ’
937 343 955 408 ό
979 339 1052 426 μέν
1067 346 1129 430 δη-

110 477 171 537 μος
189 449 267 517 οὔθ’
285 448 450 534 ἑορτάζειν
468 447 513 524 ὡς
530 448 633 513 καλὸν
650 446 763 529 ἀγῶνα
781 449 998 531 κατορθώσας
1016 449 1128 535 ἠξίου,

111 560 188 624 οὔτε
214 563 353 622 πενθεῖν
380 554 425 631 ὡς
452 552 506 620 ἐπὶ
532 553 657 639 μεγάλη
680 550 736 619 καὶ
758 550 927 642 ἀνηκέστῳ
951 567 1127 644 συμφορᾷ·

108 664 129 746 ἡ
153 661 190 729 δέ
213 664 319 747 βουλὴ
342 671 412 737 τοῖς
433 656 495 744 μὲν
517 666 610 737 θεοίς
631 660 689 736 τάς
711 658 911 741 ἀναγκαίους
934 658 1125 745 ἑψηφίσατο

81 773 247 851 εθυσίας,
275 767 336 849 τὴν
365 763 396 831 δ’
423 764 587 831 ἐπινίκιον
613 773 673 830 τοῦ
701 764 872 849 θριάμβου
899 768 1038 851 πομπὴν
1062 769 1188 836 ούκιειι

109 872 264 959 ἐπέτρεψε
286 876 490 956 ποιήσασθαι
512 881 582 946 τοϊς
602 870 748 947 ὑπάτοις.
785 867 853 954 μετ’
876 871 918 936 οὐ
939 875 1069 952 πολλάς
1089 874 1120 941 δ’
1173 862 1176 867 ’

107 979 231 1066 ἡμέρας
259 979 382 1065 ἀγορᾶς
411 977 562 1061 ἐπλήσθη
590 978 803 1060 παντοδαπῆς
829 977 850 1060 ἡ
877 980 975 1056 πόλις
996 992 1067 1047 τῶν
1088 1007 1126 1048 τε

107 1089 251 1173 δημοσίᾳ
272 1082 495 1170 πεμφθέντων
517 1079 573 1147 καὶ
595 1093 663 1148 τῶν
685 1085 855 1148 εἰωθότων
876 1083 1126 1171 ἐμπορεύεσθαι

107 1197 215 1260 πολὺν
241 1193 487 1275 εἰσαγαγόντων
510 1199 618 1273 σῖτον,
645 1186 720 1254 ὥστ’
749 1188 787 1254 έν
808 1198 847 1273 τῇ
870 1190 1017 1279 προτέρᾳ
1039 1196 1123 1261 πάν.

66 1323 94 1363 10
107 1324 164 1376 τας
187 1299 340 1384 εὐετηρίᾳ
361 1295 526 1380 γενέσθαι.

174 1402 312 1469 XXVII.
335 1400 605 1467 Καταλυθέντων
624 1397 661 1466 δέ
679 1412 746 1466 τῶν
760 1401 951 1485 ὑπαιθρίων
964 1406 1123 1492 πολέμων

106 1511 127 1595 ἡ
150 1511 301 1593 πολιτικὴ
325 1509 439 1585 στάσις
461 1503 562 1585 αὖθις
584 1507 753 1574 ἀνεκαίετο
776 1519 844 1574 τῶν
862 1510 1042 1597 δημάρχων
1060 1515 1122 1578 πά-

107 1623 161 1682 λιν
184 1617 412 1701 ταραττόντων
434 1616 471 1679 τὸ
489 1619 631 1698 πλῆθος,
652 1612 766 1679 καὶτὰ
785 1611 847 1698 μέν
865 1617 949 1682 ἀλλα
967 1622 1122 1685 πολιτεύ-

106 1746 192 1806 ματα
217 1718 433 1786 διεσκέδασαν
455 1719 566 1785 αὐτῶν
588 1719 852 1805 ἀντιταττόμενοι
874 1724 959 1807 πρὸς
981 1722 1122 1793 ἕκαστον

65 1852 92 1894 15
107 1830 142 1895 οἱ
161 1830 338 1911 πατρίκιοι,
360 1827 422 1909 τὴν
445 1822 482 1891 δέ
504 1827 585 1891 κατὰ
603 1830 778 1911 Μενηνίου
801 1828 898 1911 δίκην
921 1840 982 1896 τοῦ
1000 1831 1121 1898 νεωστὶ
1186 1880 1189 1884 -

105 1935 351 2008 ὑπατεύσαντος
373 1934 480 1997 καίτοι
502 1934 609 1998 πολλὰ
630 1932 940 2018 πραγματευθέντες
957 1935 1120 2005 ἀδύνατοι

69 2039 261 2125 2έγένοντο
292 2040 460 2105 διαλῦσαι·
492 2037 563 2105 ἀλλ’
592 2037 755 2123 ὑπαχθεὶς
782 2040 800 2107 ό
828 2040 913 2127 ἀνὴρ
943 2044 992 2119 είς
1022 2045 1120 2128 δίκην

97 2149 170 2213 ύπὸ
201 2148 296 2212 δυεῖν
325 2146 504 2230 δημάρχων
531 2147 677 2211 Κοίντου
705 2147 899 2212 Κωνσιδίου
930 2146 986 2212 καὶ
1018 2153 1119 2216 Τίτου

105 2257 281 2336 Γενυκίου,
303 2250 358 2317 καὶ
381 2255 483 2334 λόγον
505 2250 745 2336 ἀπαιτούμενος
765 2259 824 2334 τῆς
842 2250 1041 2336 στρατηγίας
1058 2267 1119 2322 τοῦ

63 2384 92 2424 εο
105 2358 251 2443 πολέμου
278 2357 372 2434 τέλος
398 2355 468 2423 οὔτ’
495 2353 629 2442 εὐτυχές
656 2355 726 2424 οὔτ’
754 2355 914 2444 εὐπρεπὲς
939 2363 1117 2446 λαβούσης,

104 2465 246 2548 μάλιστα
269 2461 306 2529 δὲ
329 2466 589 2549 διαβαλλόμενος
612 2462 665 2529 έπλ
688 2473 733 2552 τῷ
754 2468 892 2549 Φαβίων
911 2464 1043 2555 ὀλέθρῳ
1062 2465 1117 2532 καὶ

103 2580 143 2658 τῇ
166 2568 337 2657 Κρεμέρας
359 2569 490 2654 ἁλώσει,
516 2571 705 2648 δικάζοντος
726 2580 788 2636 τοῦ
801 2552 991 2655 ’δημοτικοῦ
1014 2575 1115 2657 όχλου

103 2677 184 2742 κατά
211 2676 334 2761 φυλάς,
362 2675 403 2741 ού
425 2673 502 2762 παρ’
529 2677 643 2759 ὀλίγας
664 2680 798 2760 ύηφους
820 2671 947 2762 ὦφλεν,
972 2678 1046 2755 υίὸς
1069 2680 1173 2744 ὢνεεῑε

100 2780 261 2868 Ἀγρίππα
288 2784 463 2865 Μενηνίου
492 2792 553 2848 τοῦ
582 2786 826 2866 καταγαγόντος
854 2781 891 2847 έκ
920 2791 978 2866 τῆς
1007 2793 1115 2870 φυγῆς

60 2913 89 2954 τε
102 2893 162 2957 τὸν
185 2891 292 2974 δῆμον
314 2885 370 2953 καὶ
393 2887 628 2966 διαλλάξαντος
649 2890 732 2973 πρὸς
753 2891 833 2966 τοὺς
849 2893 1053 2975 πατρικίους,
1076 2891 1115 2957 ὃν

104 2996 317 3061 ἀποθανόντα
338 2994 359 3077 ἡ
383 2994 488 3077 βουλὴ
512 2992 633 3059 ἐκτῶν
652 2996 822 3078 δημοσίων
839 2995 1016 3079 χρημάτων
1034 3003 1114 3082 λαμ

175 3158 188 3205 1
208 3150 260 3221 την
279 3149 382 3220 ἀρετὴν
400 3149 451 3205 Ac
507 3156 526 3220 6Ἰ
541 3155 600 3212 τοῖς
617 3150 734 3212 ὑπάτοις
751 3149 777 3203 Α
796 3151 928 3213 αύτοῖςΒ
984 3159 1000 3207 9
1019 3154 1113 3208 πάντα

102 3239 125 3277 c.
146 3222 267 3292 Sylburg
340 3226 373 3276 15
391 3221 581 3294 Μενηνί<ου>
599 3221 622 3273 Β
695 3226 728 3275 18
747 3221 802 3276 ὑπὸ
821 3231 876 3276 τῶν
895 3223 974 3278 δυεῖν
994 3223 1112 3296 Ορεωε-

101 3298 145 3355 ’τευ
163 3294 186 3347 Β
207 3296 211 3363 Ι
233 3295 356 3348 Κοίντου
374 3292 423 3347 καλ
441 3293 601 3346 Κοιντιλίου
619 3291 670 3346 AC
688 3294 811 3347 Κοίντου
828 3295 980 3348 Κοιντίνου
999 3294 1022 3347 Β
1042 3312 1110 3350 corr.

103 3363 233 3432 Sigonius
324 3369 357 3418 19
382 3364 427 3418 vel
444 3371 494 3431 τῆς
510 3360 632 3433 πολέμου
650 3362 698 3417 vel
715 3381 741 3419 v.
756 3370 790 3418 20
809 3364 943 3437 λαβόντος
960 3365 1112 3436 legendum

102 3449 164 3486 εεεο
183 3450 206 3490 ο.
220 3433 323 3488 Reiske
395 3440 429 3489 23
448 3433 568 3502 ὤφειλεν
586 3433 637 3488 Ac

65 3522 127 3624 Q
236 3601 239 3608 .
