2424 3848
509 207 675 256 -H-
1033 201 1098 266 249

84 370 219 449 ζώντων
248 370 295 433 ἔτι
322 380 390 434 τῶν
416 363 583 451 πατέρων,
612 365 696 431 ἀλλά
723 364 778 431 καὶ
805 367 846 430 τδι
872 367 1021 450 χρήματα
1045 362 1101 430 καὶ

82 476 126 541 τδι
154 476 288 558 σώματα
316 484 383 539 τῶν
409 477 556 557 παίδων,
589 473 607 537 ὅ
634 496 666 537 τι
693 473 873 557 βούλονται
902 468 1101 554 διατιθέναι,

83 591 158 657 τοῖς
183 579 348 666 πατράσιν
374 576 581 646 ἀποδέδοται.
632 576 707 644 ὥστ’
741 579 802 645 οὐκ
834 577 876 644 ἀν
904 580 1012 661 δήπου
1039 578 1100 661 τήν

84 696 148 754 τοῦ
170 688 295 771 πατρὸς
317 685 435 751 οὐσίαν
458 694 518 750 τοῦ
541 687 751 770 μηνύσαντος
768 688 829 770 τήν
847 685 1030 768 τυραννίδα
1048 682 1102 750 έπὶ

79 805 158 870 τοῖς
180 802 240 858 τοῦ
262 794 381 868 παιδὸς
403 791 604 876 ἀδικήμασιν
622 790 840 878 ἀφαιρεῖσθαι
865 789 920 857 καὶ
943 790 1100 876 δημεύειν
1128 820 1141 862 5

85 901 109 985 ή
132 903 229 976 πόλις
255 897 359 982 ἠξίου.
405 900 461 963 διδι
487 895 548 982 μέν
576 898 618 982 δή
645 908 747 964 ταῦτα
774 907 820 986 τῷ
847 896 995 988 προτέρῳ
1023 914 1102 981 συγ-

86 1010 304 1091 κατατίθεμαι
327 1015 395 1070 τῶν
413 1008 525 1090 λόγων
543 1010 683 1090 μᾶλλον·
707 1007 813 1091 ἔθηκα
831 1003 861 1071 δ’
886 1002 1103 1090 ἀμφοτέρους,

86 1115 144 1180 ινα
168 1111 222 1199 έξή
246 1124 316 1190 τοῖς
338 1111 635 1198 ἀναγνωσομένοις,
664 1112 809 1200 δτιοτέρω
833 1113 1012 1197 βούλονται
1034 1123 1103 1177 τῶν

88 1223 212 1303 λόγων,
234 1216 418 1305 προσέχειν.

156 1325 288 1390 LXXX.
326 1322 613 1409 Ἐπιβαλλομένων
633 1325 673 1392 δέ
687 1348 791 1391 τινων
810 1324 866 1391 καὶ
889 1327 967 1402 τοὺς
984 1273 1104 1404 παῖδας
1118 1351 1144 1392 ιο

89 1433 281 1499 ἀποκτεῖναι
309 1441 370 1498 τοῦ
393 1435 545 1498 Κασσίου
573 1434 686 1499 δεινὸν
714 1435 752 1498 τὸ
776 1435 855 1509 ἔθος
882 1431 996 1511 ἔδοξεν
1018 1426 1105 1498 εἶναι

89 1549 130 1626 τῇ
153 1544 258 1624 βουλή
280 1537 337 1605 καὶ
359 1538 569 1625 ἀσύμφορον·
597 1538 652 1605 καὶ
680 1545 892 1606 συνελθοῦσα
920 1538 1025 1624 έήηφί
1024 1535 1104 1605 σατο

90 1646 252 1732 ἀφεῖσθαι
274 1647 314 1709 τὰ
333 1645 486 1731 μειράκια
505 1654 563 1730 τῆς
580 1649 736 1731 τιμωρίας
756 1644 812 1712 καὶ
831 1644 885 1711 ἐπὶ
901 1646 990 1732 πάση
1009 1645 1105 1735 ἀδεία

92 1757 167 1838 ζῆν,
194 1753 273 1836 μήτε
303 1760 394 1837 νυνιλ
423 1749 495 1837 μήτ
522 1752 626 1838 &nuk
614 1778 635 1818 a
662 1750 735 1837 μήτ’
761 1754 845 1839 ἄλλα
873 1763 1030 1842 συμφορᾷ
1053 1757 1105 1838 ζα

92 1855 270 1945 μιωθέντα.
321 1856 377 1922 καὶ
410 1857 442 1936 έξ
476 1857 545 1924 ἐκεί
492 1862 605 1924 κείνου
635 1861 672 1925 τὸ
702 1862 782 1938 ἔθος
810 1870 909 1927 τοῦτο
935 1855 1106 1945 Ῥωμαίοις
1120 1885 1146 1928 ιτ

12 1965 272 2051 1704έπιχώριον
293 1963 479 2048 μέχονεν“
459 1989 521 2041 εως
547 1974 605 2049 της
630 1962 708 2030 καθ’
735 1967 820 2051 ήμᾶς
843 1968 1106 2051 διατηρούμενον

91 2073 186 2156 ήλικί
183 2095 238 2154 ας,
264 2068 426 2154 ἀφεῖσθαι
453 2074 612 2157 τιμωρίας
639 2071 767 2157 ἀπάσης
794 2076 873 2149 τοὺς
895 2066 1079 2155 παῖδας,
1058 2096 1107 2138 ων

93 2178 136 2244 ἀν
155 2178 191 2244 οί
204 2176 342 2263 πατέρες
359 2176 575 2266 ἀδικήσωσιν,
597 2178 656 2244 έάν
674 2202 709 2244 τε
727 2180 902 2265 τυράννων
925 2180 1019 2255 ὄντες
1037 2177 1107 2244 υίοδ

93 2285 256 2369 τύχωσιν,
288 2281 347 2348 έάν
374 2306 408 2348 τε
435 2287 687 2369 πατροκτόνων,
717 2283 775 2350 έάν
802 2307 836 2349 τε
864 2284 1105 2369 προδοτῶν,ὃ

94 2389 250 2475 μέγιστόν
274 2388 343 2455 ἐστι
366 2386 443 2477 παρ’
466 2389 535 2455 ἐκεί
520 2394 605 2467 ίνοις
623 2389 682 2456 ἀδί
667 2394 776 2476 ί.κημα
821 2393 857 2456 ολ
872 2415 908 2456 τε
924 2381 1148 2495 καταλῦσαιῖ

93 2500 131 2562 τὸ
155 2499 235 2573 ἔθος
257 2493 345 2562 τοῦτ’
373 2496 606 2582 ἐπιβαλόμενοι
627 2499 710 2562 κατά
731 2501 809 2575 τοὺς
831 2496 1009 2584 ἡμετέρους
1031 2500 1107 2584 χρό-

93 2626 176 2680 νους
202 2604 283 2687 μετὰ
309 2603 370 2685 τήν
398 2601 593 2670 συντέλειαν
618 2612 679 2669 τοῦ
701 2608 881 2690 Μαρσικοῦ
908 2628 943 2669 τε
970 2603 1025 2669 καὶ
1053 2605 1108 2689 έμ-

94 2713 217 2796 φυλίου
240 2707 398 2793 πολέμου,
420 2706 476 2774 καὶ
494 2712 572 2786 τοὺς
590 2712 710 2788 παῖδας
728 2722 795 2777 τῶν
818 2709 1107 2797 ἐπικηρυχθέντων

95 2813 149 2882 ἐπὶ
176 2817 293 2881 Σύλλα
318 2813 470 2902 πατέρων
497 2815 696 2901 ἀφελόμενοι
727 2819 764 2883 τὸ
792 2815 938 2902 μετιέναι
964 2818 1021 2894 τδις
1047 2838 1108 2882 πα-

94 2926 209 3010 τρίους
227 2921 329 3009 ἀρχδις
346 2920 402 2988 καὶ
420 2926 544 3006 βουλῆς
561 2921 708 3009 μετέχειν
725 2921 804 2989 καθ’
825 2923 866 2990 δν
886 2922 1108 2989 έδυνάστευον
1122 2947 1148 2991 25

95 3027 190 3095 αὐτοὶ
213 3031 349 3116 χρόνον,
372 3029 560 3113 ἐπίφθονόν
582 3027 611 3095 τ’
635 3029 828 3116 ἀνθρώποις
850 3027 905 3095 καὶ
927 3033 1109 3115 νεμεσητὸν

87 3143 188 3213 θεοῖς
211 3138 311 3222 ἔργον
334 3135 452 3214 ἔδοξαν
471 3135 720 3216 ἀποδείξασθαι.
766 3137 933 3223 τοιγάρτοι
955 3138 1030 3219 δίκη
1048 3132 1109 3221 μὲν

170 3336 184 3382 1
214 3329 301 3384 verba
327 3328 393 3383 inde
422 3328 458 3382 ab
486 3328 556 3383 ἀλλὰ
584 3346 673 3398 usque
700 3328 736 3383 ad
759 3330 870 3383 παίδων
893 3345 946 3384 om.
971 3329 1017 3383 Ba
1044 3328 1109 3385 add.

96 3402 194 3470 Bbmg
267 3406 299 3454 19
320 3395 370 3454 έάν
388 3418 418 3454 τε
437 3402 583 3469 προδοτῶν
602 3417 656 3455 om.
675 3401 721 3454 Ba
740 3399 805 3454 add.
820 3401 896 3470 Bmg
950 3406 985 3454 24
1003 3399 1111 3454 Σύλλαι

96 3473 145 3527 Ba
163 3471 301 3544 Σύλλ<α>
320 3471 367 3525 Bb
384 3475 388 3542 Ι
405 3477 529 3541 μετεῖναι
547 3470 627 3526 ABG
