2424 3848
521 184 689 236 -Θ-
1045 180 1111 246 397

99 358 170 425 σιν,
200 342 280 406 ὅταν
307 343 446 429 ἀναρχία
474 344 618 430 κατάσχῃ
646 346 707 429 τὴν
734 347 849 427 πόλιν,
878 341 1026 420 ὑπάτους
1053 341 1112 407 ἀπ-

99 445 229 525 έδειξαν
264 450 409 516 Λεύκιον
446 453 635 536 Λοκρήτιον
675 449 730 516 καί
771 454 870 515 Τῖτον
908 447 1112 535 Οὐετούριον

100 552 254 638 Γέμινον.
295 555 348 623 ἐπὶ
370 566 427 641 τῆς
449 558 576 622 τούτων
599 555 700 643 ἀρχῆς
722 557 744 640 ῆ
767 578 801 620 τε
824 559 925 633 νόσος
947 555 1112 622 ἐπαύσατο
1172 640 1173 644 ¹

100 659 155 725 καὶ
177 663 217 727 τὰ
239 665 392 730 πολιτικά
415 663 601 747 έγκλῆματα
624 661 789 747 ἀναβολῆς
811 663 915 746 ἔτυχε,
938 662 978 726 τά
996 659 1024 727 τ’
1043 663 1112 728 ίὺια

101 766 156 832 καὶ
178 770 219 834 τά
241 771 349 854 κοινά,
371 767 589 856 πειραθέντος
611 765 673 853 μὲν
694 763 795 846 αὖθις
812 769 850 833 τὸ
868 765 942 854 περὶ
961 777 1017 851 τῆς
1035 773 1112 852 κλη-
1139 788 1152 829 τ

101 879 236 960 ρονχίας
263 879 443 960 πολίτευμα
466 886 572 941 κινεῖν
596 872 671 953 ἑνὸς
693 885 760 940 τῶν
784 874 962 960 δημάρχων
986 871 1112 950 Σέξτου

105 983 230 1066 Τιτίου,
253 984 463 1058 κωλύσαντος
487 978 524 1046 δέ
546 991 607 1047 τοῦ
631 981 739 1065 δῆμον
757 977 813 1045 καὶ
831 982 878 1056 είς
897 977 1112 1062 ἐπιτηδειοτέ-

30 1103 180 1167 1937ρους
202 1086 433 1173 ὑπερθεμένου
455 1088 600 1174 καιρούς.
631 1089 804 1172 προθυμία
826 1109 861 1151 τε
883 1086 989 1169 πολλῆ
1012 1091 1148 1156 πᾶσιν2

101 1191 232 1257 ἐνέπεσε
256 1197 507 1280 τιμωρήσασθαι
530 1196 608 1270 τοὺς
631 1192 944 1280 ἐπιστρατεύσαντας
962 1200 1000 1276 τῆ
1019 1193 1114 1256 πόλει

100 1299 182 1363 κατά
210 1301 270 1364 τὸν
296 1307 354 1383 τῆς
381 1303 485 1366 νόσου
512 1302 646 1386 καιρόν·
682 1297 737 1364 καὶ
764 1299 881 1364 αὐτίκα
907 1307 964 1382 τῆς
991 1301 1114 1381 βουλῆς
1127 1319 1154 1360 ιο

100 1403 331 1489 ψηφισαμένης
353 1403 408 1470 καὶ
431 1416 492 1472 τοῦ
515 1408 624 1490 δῆμον
646 1407 705 1471 τὸν
724 1407 870 1490 πόλεμον
889 1402 1113 1488 ἐπικυρώσαν-

102 1534 158 1587 τος
180 1511 426 1598 κατεγράφοντο
450 1513 507 1589 τάς
530 1511 698 1595 δυνάμεις,
721 1510 860 1587 οὐδενὸς
881 1521 948 1575 τῶν
970 1508 1113 1594 ἐχόντων

102 1618 340 1702 στρατεύσιμον
366 1618 498 1701 ἡλικίαν
527 1615 615 1702 οὐδ’,
642 1623 676 1684 εί
697 1641 770 1683 τινα
794 1618 812 1683 ὁ
835 1620 938 1701 νόμος
960 1614 1112 1698 ἀπέλυεν,

102 1721 274 1801 ἀξιοῦντος
302 1722 429 1809 ἐκείνης
452 1724 697 1810 ἀπολειφθῆναι
720 1733 777 1808 τῆς
800 1726 983 1811 στρατείας·
1014 1746 1114 1807 νεμη-

102 1833 219 1915 θείσης
241 1827 278 1894 ὑὲ
301 1839 395 1916 τριχῆ
417 1840 475 1915 τῆς
498 1831 670 1915 δυνάμεως
688 1834 746 1915 μία
764 1826 825 1914 μὲν
843 1830 1030 1915 ὑπελείφθη
1049 1854 1113 1914 φυ-
1127 1847 1153 1888 15

102 1935 232 2000 λάπτειν
258 1936 319 2019 τὴν
346 1939 460 2019 πόλιν,
487 1930 526 2020 ῆς
552 1936 663 2020 ἡγεῖτο
686 1938 829 2013 Κόιντος
853 1936 1000 2020 Φούριος
1027 1933 1112 2020 ἀνὴρ

102 2041 271 2118 ὑπατικός·
300 2043 337 2107 αἱ
358 2039 395 2106 ὑὲ
418 2043 480 2108 δύο
504 2045 567 2107 σὺν
590 2052 659 2118 τοῖς
680 2041 818 2118 ὑπάτοις
840 2038 983 2123 ἐξῆλθον
1006 2039 1062 2105 ἐπί
1081 2038 1108 2104 τ’

102 2150 271 2226 Αἰκανοὺς
302 2146 357 2213 καὶ
388 2147 631 2225 Οὐολούσκους.
681 2148 719 2212 τὸ
752 2143 782 2210 θ’
816 2146 896 2211 αὐτὸ
929 2155 1026 2212 τοῦτο
1059 2144 1154 2213 καὶ3

102 2254 167 2320 ὑπὸ
198 2265 263 2320 τῶν
293 2257 461 2338 πολεμίων
489 2257 604 2340 ἔτυχεν
631 2253 695 2339 ῆὺη
723 2255 869 2335 γεγονός.
913 2251 933 2335 ἡ
962 2248 1023 2336 μὲν
1050 2253 1113 2340 γάρ

103 2363 257 2445 κρατίστη
279 2362 419 2445 δύναμις
437 2356 495 2445 ἀφ’
516 2357 671 2446 ἑκατέρου
688 2368 756 2423 τῶν
774 2357 887 2424 ἐθνῶν
903 2362 1114 2424 συνελθοῦσα
1128 2379 1155 2418 ιο

102 2466 281 2551 ὑπαίθριος
303 2463 346 2550 ἦν
368 2467 433 2533 ὑπὸ
459 2464 557 2532 δυσὶν
575 2465 725 2550 ἡγεμόσι,
747 2462 802 2529 καὶ
821 2466 956 2548 ἔμελλεν
974 2460 1039 2530 ἀπὸ
1057 2474 1115 2551 τῆς

98 2567 261 2654 Ἑρνίκων
283 2582 358 2655 γῆς,
387 2570 423 2636 ἐν
446 2564 467 2657 ᾖ
491 2569 556 2637 τότ’
582 2564 641 2655 ἦν,
665 2568 829 2656 ἀρξαμένη
851 2579 961 2636 πάσαν
984 2570 1115 2637 ἐπελεύ-

34 2682 223 2744 1938σεσθαι
255 2677 315 2760 τὴν
343 2673 511 2758 Ῥωμαίων
542 2675 707 2759 ὑπήκοον·
740 2677 760 2760 ἡ
794 2674 825 2742 δ’
858 2671 958 2761 ἧττον
989 2675 1116 2762 ἐκείνης

103 2783 244 2867 χρησίμη
269 2782 308 2846 τά
327 2782 431 2846 οίκεία
449 2784 634 2865 πολίσματα
652 2783 838 2868 ὑπελείφθη
857 2782 1047 2868 φυλάττειν,
1070 2786 1114 2868 μῆ

103 2912 152 2964 τις
175 2889 296 2973 ἔφοδος
318 2888 486 2972 αἰφνίδιος
504 2892 671 2972 πολεμίων
689 2886 738 2954 ἐπ’
755 2888 839 2954 αὐτὰ
857 2885 999 2974 γένηται.
1033 2870 1155 2985 πρὸςξ)5

103 3003 206 3059 ταῦτα
242 2991 499 3079 βουλευομένοις
535 3006 604 3073 τοϊς
634 2993 802 3080 Ῥωμαίων
838 2993 976 3072 ὑπάτοις
1008 2994 1115 3062 ἐδόκει

175 3159 191 3204 3
216 3148 349 3221 Γεμίνιον
367 3151 419 3204 ΑΒ
545 3158 560 3206 6
586 3149 698 3218 σε’ξστου
717 3151 743 3204 Α
766 3149 846 3207 ἕκτου
865 3149 913 3204 Ba
935 3147 1050 3206 σε’κστον
1068 3150 1115 3204 Bb

104 3229 119 3278 7
146 3222 272 3277 ΤίτονΟ
300 3224 394 3277 Τιτίου
414 3219 546 3276 Gelenius
638 3229 670 3277 12
695 3220 875 3294 κατέγραφον
898 3238 921 3275 c.
941 3221 1030 3277 Cobet
1049 3221 1115 3278 obs.

103 3312 130 3363 p.
151 3300 201 3348 185
270 3298 304 3347 14
322 3294 536 3363 ἀπολειφθῆναι
554 3310 608 3349 om.
622 3293 669 3347 Βε
687 3293 698 3418 K
713 3297 843 3362 στρατίας
861 3293 907 3347 Ba
975 3298 1008 3347 16
1028 3293 1117 3362 φρού-

104 3384 163 3432 ριος
183 3366 206 3419 Ο
227 3364 331 3438 Φάβιος
349 3366 409 3419 Liv.
429 3366 467 3419 ΙΙΙ
487 3370 503 3418 8
523 3365 586 3420 coll.
607 3381 630 3418 c.
650 3366 686 3434 Sy
700 3364 771 3435 burg
876 3368 909 3418 25
929 3360 1116 3437 αἰφν<ίθι>ος

103 3435 126 3488 Β
152 3438 156 3505 Ι
180 3433 307 3506 πολέμων
325 3435 372 3491 Ba
389 3434 570 3509 πολεμ<ίον>
588 3435 635 3488 Bb
