2378 3840
503 161 669 215 -Θ-
1026 158 1092 225 369

79 324 217 410 ίσχυρδις
246 327 391 408 λαβόντα
420 323 456 389 ἐκ
486 324 625 410 βάθρων
655 321 821 411 ἀνέτρεψε.
871 321 968 388 ταῦθ’
1000 325 1126 409 ὑμῖν,7

78 425 105 495 ὦ
133 431 256 515 βουλή,
284 427 349 496 εἴθ’
376 428 458 515 ήδέα
485 429 575 496 ἐστὶν
604 429 738 496 ἀκούειν
764 427 822 496 εἴτ’
849 415 985 518 ἀνιαρά,
1013 431 1092 516 μετὰ

77 536 186 619 πάσης
214 536 372 620 ἀληθείας
394 534 450 603 καὶ
471 539 656 623 παρρησίας
679 543 820 623 εἴρηται,
847 548 917 614 τοῖς
939 533 1002 621 μέν
1023 558 1093 602 πει-

77 641 303 727 σθησομένοις
320 643 426 727 ὑμῶν,
445 640 503 708 ἐδιν
522 643 586 729 ἀρα
604 649 775 728 πεισθῆτε,
794 646 831 708 ἐν
844 666 879 708 τε
893 652 939 730 τῷ
952 646 1093 729 παρόντι

77 751 222 836 χρήσιμα
245 746 300 814 καί
323 750 370 825 είς
392 751 429 814 τὸ
453 745 575 833 μέλλον
599 750 745 835 ἀσφαλή·
779 747 852 835 ἐμοὶ
876 746 922 834 δ’,
951 749 987 826 δς
1009 744 1091 834 ύπέρ
1118 768 1132 809 ο

77 865 139 921 τοῦ
169 864 266 941 κοινή
300 852 528 940 συμφέροντος
559 857 646 932 ἰδίας
674 856 852 941 ἀπεχθείας
881 855 1093 941 ἀναιροῦμαι,

77 966 211 1028 πολλῶν
235 960 375 1046 ἐσόμενα
398 963 569 1027 κινδύνων
591 968 687 1027 αίτια.
724 971 874 1050 προορᾶν
898 963 961 1045 γδιρ
981 962 1093 1039 ίκανός
1118 1044 1121 1051 ἱ

78 1068 145 1152 είμι
173 1068 214 1133 τά
242 1070 478 1152 συμβησόμενα
501 1067 537 1133 ἐκ
560 1074 738 1153 λογισμοῦ,
766 1067 820 1134 καὶ
843 1070 1092 1155 παραδείγματα

78 1184 238 1259 ποιοῦμαι
259 1174 436 1261 τάλλότρια
459 1173 550 1258 πύθη
574 1184 641 1240 τῶν
664 1172 818 1259 ἐμαυτοῦ.

145 1277 252 1343 ΙιΙΙΠ.
287 1273 385 1343 Ταῦτ’
408 1280 559 1355 είπόντος
574 1275 713 1344 Ἀππίου
736 1277 790 1344 καλ
808 1290 875 1344 τῶν
893 1280 1005 1346 ἀλλων
1024 1280 1092 1346 ὀλί-
1106 1297 1134 1337 1⁰

79 1408 141 1468 γου
165 1386 238 1450 δεῖν
259 1384 477 1468 πόντωντήν
500 1385 605 1468 αύτήν
627 1385 763 1469 γνώμην
786 1384 1052 1471 ἀποφηναμένων
1071 1385 1092 1470 ή

79 1487 140 1576 μέν
163 1492 269 1576 βουλή
293 1493 449 1557 διελύετο.
483 1492 519 1557 οί
539 1488 577 1556 δέ
600 1493 762 1576 δήμαρχοι
782 1488 826 1557 δι’
845 1493 945 1579 ὀργής
963 1495 1093 1579 ἔχοντες

78 1597 141 1680 τήν
158 1597 340 1684 ἀποτυχίαν
359 1594 509 1684 ἀπήεσαν
526 1595 582 1663 καὶ
600 1601 681 1683 μετδι
698 1597 788 1665 τοῦτ’
807 1597 982 1685 ἐσκόπουν,
1004 1600 1093 1677 ὅπως
1166 1591 1168 1596 ’

27 1706 323 1789 893τιμωρήσονται
357 1706 416 1769 τὸν
446 1705 568 1791 ἀνδρα·
610 1703 724 1782 ἔδοξεν
754 1699 817 1770 οὖν
846 1705 958 1783 αύτοῖς
987 1707 1094 1772 πολλδι

80 1806 361 1894 βουλευσαμένοις
389 1811 465 1896 δίκη
493 1812 552 1875 τὸν
571 1808 714 1877 ’Ἀππιον
736 1812 920 1897 ὑπαγαγεῖν
943 1814 1093 1880 θάνατον
1108 1828 1133 1870 1⁶

80 1914 201 2003 ἐχούση
228 1918 266 1982 τὸ
294 1920 425 2000 τίμημα.
476 1914 531 1981 καί
558 1918 639 2000 μετὰ
665 1911 756 1982 ταῦτ’
786 1917 822 1983 ἐν
851 1917 1007 2006 ἐκκλησίᾳ
1032 1929 1093 1985 τοῦ

80 2021 204 2106 ἀνδρὸς
226 2023 509 2109 κατηγορήσαντες
530 2023 739 2108 παρεκάλουν
761 2024 855 2106 ήκειν
878 2025 1032 2100 ἅπαντας,
1046 2026 1094 2099 είς

80 2131 141 2213 τήν
164 2125 494 2213 ἀποδειχθησομένην
516 2124 642 2214 ἡμέραν
666 2127 710 2204 ὡς
728 2128 916 2204 διοίσοντας
933 2125 1016 2214 ὑπὲρ
1036 2128 1094 2193 αύ-

80 2245 140 2301 τοῦ
164 2243 286 2319 ψῆφον.
334 2230 416 2299 ἃδέ
437 2243 633 2319 κατηγορεῖν
656 2235 810 2317 ἔμελλον,
837 2231 926 2297 ταῦτ’
954 2229 1009 2318 ἦν
1042 2234 1129 2300 ότι2

79 2343 228 2426 πονηρὰς
257 2339 360 2407 ἐτίθει
387 2341 469 2405 κατδι
496 2350 556 2406 τοῦ
584 2342 693 2424 δήμου
720 2340 868 2423 γνώμας,
895 2337 951 2404 καὶ
978 2338 1094 2405 στάσιν
1108 2357 1136 2398 20

80 2449 212 2530 εἰσῆγεν
240 2448 287 2523 είς
313 2447 374 2530 τήν
403 2449 518 2529 πόλιν,
544 2445 599 2512 καὶ
622 2446 779 2534 δημάρχω
802 2455 913 2531 χεῖρας
936 2443 1094 2531 ἐπήνεγκε

81 2554 171 2638 παρδι
189 2554 268 2628 τοὺς
287 2552 397 2638 ίερούς
414 2555 553 2636 νόμους,
571 2550 625 2617 καὶ
645 2560 798 2637 στρατιᾶς
810 2551 1017 2636 ήγησάμενος
1031 2555 1095 2618 σὺν

81 2660 189 2746 βλάβη
211 2681 248 2724 τε
270 2657 326 2724 καὶ
349 2660 489 2745 αἰσχύνη
513 2660 638 2746 μεγάλη
661 2657 849 2744 ἀνέστρεψε.
889 2669 992 2725 ταῦτα
1014 2679 1095 2744 προ-

80 2769 229 2842 ειπόντες
257 2765 293 2831 ἐν
320 2775 365 2855 τῷ
393 2767 532 2849 πλήθει,
558 2762 613 2829 καί
641 2764 745 2851 ῥητήν
767 2787 842 2829 τινα
865 2758 1096 2842 ἀποδείξαντες

79 2870 220 2958 ἡμέραν,
243 2869 281 2937 ἐν
303 2864 324 2958 ᾗ
347 2870 441 2948 τέλος
460 2873 589 2954 ἔφησαν
608 2870 783 2954 ἐπιθήσειν
801 2879 840 2956 τή
860 2872 948 2957 δίκη,
970 2872 1094 2956 παρήγ-
1108 2883 1136 2927 25

81 2983 196 3061 γειλαν
210 2977 298 3065 αὐτῷ
313 2987 466 3063 παρεῖναι
480 2973 546 3041 τότ’
559 2974 846 3066 ἀπολογησομένῳ.
870 2975 1095 3059 ἀγανακτοῦν·
1109 2979 1130 3043 3

81 3108 148 3150 των
173 3082 203 3149 δ’
227 3083 382 3149 ἀπόντων
405 3093 471 3148 τῶν
494 3087 676 3171 πατρικίων
698 3081 754 3149 καὶ
777 3080 1095 3169 παρεσκευασμένων

155 3355 170 3402 6
193 3355 291 3402 κοινοῦ
310 3345 412 3402 ΑΒειΟ
435 3353 516 3416 κοινή
535 3347 582 3419 Bb
601 3363 624 3400 ο.
644 3363 713 3402 corr.
805 3351 821 3399 9
844 3343 903 3398 *τά
921 3341 1052 3413 ἀλλότρια
1072 3344 1094 3400 0

83 3423 117 3472 12
141 3416 281 3473 διελέλυτο
301 3417 351 3471 Ac
425 3421 459 3469 14
481 3417 691 3488 τιμωρήσονται
710 3415 786 3470 ABb

136 3518 236 3558 mom.
252 3517 317 3556 Ηευ.
326 3516 370 3556 IIL
398 3525 437 3556 ευ.
451 3515 551 3556 θεωρεῖ.
902 3508 937 3557 24
