2424 3848
532 197 698 245 ,Η-

108 357 236 439 λόγων,
265 354 324 432 οὓς
349 355 444 440 ὑμεῖς
472 356 507 422 οί
531 357 570 421 τά
593 355 744 423 πολιτικά
767 356 964 442 πράττοντες
991 352 1119 441 μάλιστ’

111 460 351 546 <ἐπίστασθε>,
382 468 449 528 ίστε
473 462 524 528 ὅτι
546 472 606 528 τοῦ
629 485 663 528 τε
686 462 888 548 αὐχήματος,
916 459 967 545 ἐφ’
995 458 1036 528 οὑ
1060 471 1124 528 νῦν

113 568 211 652 είσιν,
243 564 373 646 ἑκόντες
399 569 625 653 ὑποβήσονται
652 567 707 634 καὶ
739 572 938 653 ποιήσουσιν
970 568 1124 648 ἐξουσίαν

113 691 164 741 σοι
191 683 252 741 τοῦ
278 675 449 760 πράττειν,
477 675 496 740 ό
523 699 554 740 τι
578 675 620 741 ἀν
648 675 760 753 αὐτοῖς
787 675 1023 763 ὑπολαμβάνῃς
1045 693 1125 741 συν-

110 783 227 847 οίσειν.
274 779 332 845 ἐάν
356 777 386 844 δ’
414 779 658 867 ἀντιπράττωσί
678 798 732 846 σοι
759 780 815 846 καὶ
837 785 915 859 τοὺς
937 784 1057 865 λόγους
1079 747 1164 866 μηὸς

112 884 360 974 προσδέχωνται
386 897 457 964 ταῖς
480 888 536 951 διά
560 883 597 951 σὲ
620 884 675 951 καὶ
699 888 755 951 διά
776 889 838 971 την
860 888 1041 973 ἡγεμονίαν
1064 888 1125 970 την

113 995 174 1077 σὴν
203 989 398 1078 γενομέναις
425 990 501 1078 περὶ
528 992 650 1069 αὑτοὺς
672 994 785 1079 τύχαις
807 993 852 1070 ὡς
874 990 926 1057 ἀεὶ
950 994 1125 1077 διαμενού-

113 1116 185 1178 σαις
208 1099 432 1184 ἐπαιρόμενοι,
453 1106 510 1182 τῆς
533 1102 729 1186 στρατηγίας
748 1099 861 1176 αὐτοῖς
880 1098 1043 1184 ἀφίστασο
1062 1121 1125 1183 φα-

55 1216 233 1292 ιθιονερῶς,
259 1202 315 1269 καί
342 1206 422 1288 μήτε
448 1205 613 1290 προδότης
641 1208 739 1288 γίνου
766 1215 833 1271 τῶν
859 1206 1125 1270 πεπιστευκότων

113 1313 191 1396 μήτε
223 1309 379 1395 πολέμιος
405 1322 472 1376 τῶν
505 1309 786 1394 ἀναγκαιοτάτων·
819 1307 935 1394 ἀσεβὲς
961 1310 1024 1396 γάρ
1052 1306 1125 1374 ἑκά·
1139 1333 1165 1372 10

113 1440 218 1503 τερον.
249 1425 351 1483 ταῦτα
368 1417 437 1501 ἥκω
458 1415 599 1502 δεομένη
614 1434 676 1483 σου
695 1416 852 1501 γενέσθαι
871 1441 927 1502 μοι
945 1417 1032 1503 παρά
1052 1425 1125 1495 σοῦ,

112 1524 245 1610 Μάρκιε
272 1520 406 1606 τέκνον,
433 1521 503 1590 οὔτ’
530 1521 690 1607 ἀδύναθ’,
712 1524 758 1600 ὡς
785 1527 826 1589 σὺ
854 1520 935 1610 φῄς,
962 1523 1068 1607 πάσης
1094 1519 1122 1586 τ’

115 1628 234 1696 ἀδίκου
257 1630 313 1693 καί
336 1626 474 1694 ἀνοσίου
498 1631 719 1712 συνειδήσεως
740 1628 881 1716 καθαρά.
1067 1664 1072 1671 -

181 1732 412 1800 XXXXVIIII.
456 1733 554 1821 Φέρε,
577 1734 661 1800 ἀλλά
685 1734 787 1814 δόξαν
810 1737 949 1822 αίσχράν
972 1741 1126 1801 οίσεσθαι

116 1840 283 1924 δέδοικας,
312 1839 370 1904 ἐάν
394 1839 414 1904 ὑ
441 1845 620 1926 παρακαλῶ
643 1859 679 1906 σε
702 1840 858 1928 πράττης,
886 1842 930 1918 ὡς
952 1840 1128 1927 ἀχάριστος
1140 1863 1166 1904 ιε

112 1950 161 2026 είς
186 1950 266 2024 τοὺς
292 1944 465 2032 εὐεργέτας
487 1945 820 2032 ἐξελεγχθησόμενος,
851 1949 886 2014 οἵ
906 1964 943 2012 σε
966 1945 1126 2032 πολέμιον

113 2056 194 2120 ὄντα
221 2050 461 2137 ὑποδεξάμενοι
487 2051 622 2118 πάντων
649 2052 838 2138 μετέδωκαν
861 2047 908 2117 ὧν
930 2063 1000 2129 τοῖς
1027 2053 1127 2137 φύσει

113 2163 263 2237 πολίταις
285 2157 435 2244 μέτεστιν
457 2159 610 2242 ἀγαθῶν·
632 2169 736 2225 ταῦτα
755 2160 818 2246 γάρ
837 2159 939 2243 ἐστιν,
961 2158 982 2223 ὑ
1001 2158 1127 2242 μεγάλα

112 2277 219 2344 ποιεῖς
245 2276 315 2343 τοῖς
341 2269 453 2349 λόγοις
479 2265 539 2330 ἀεί.
591 2265 652 2332 οὐκ
684 2265 898 2344 ἀποδέδωκας
925 2261 987 2332 οὑν
1015 2265 1161 2343 αὑτοῖς2

113 2373 238 2450 πολλάς
263 2370 319 2437 καὶ
345 2373 447 2449 καλάς
474 2369 613 2456 ἀμοιβάς
639 2370 695 2437 καὶ
721 2375 896 2458 νενίκηκας
927 2372 1050 2461 ἀπείρμ
1084 2373 1125 2456 δή
1140 2395 1167 2434 ιο

114 2502 180 2545 τινι
203 2477 339 2564 μεγέθει
366 2476 421 2543 καὶ
449 2480 571 2561 πλήθει
601 2482 745 2565 χαρίτων
771 2481 829 2556 τάς
856 2478 889 2558 ἐξ
913 2474 1058 2543 ἐκείνων
1072 2477 1127 2542 εὑ-

113 2586 278 2671 εργεσίας;
303 2583 361 2661 οὓς
384 2583 554 2668 ἀγαπητὸν
574 2581 782 2669 ἡγουμένους
803 2582 859 2649 καὶ
881 2573 1015 2649 πάντων
1036 2581 1126 2667 μέγι-

115 2706 195 2757 στον
219 2690 370 2774 ἀγαθῶν,
392 2688 451 2754 ἐάν
474 2687 654 2776 ἐλευθέρας
676 2691 791 2755 οίκῶσι
814 2691 872 2767 τὰς
892 2689 1062 2774 πατρίδας,
1085 2689 1126 2754 οὐ

115 2799 222 2881 μόνον
255 2793 382 2862 ἑαυτῶν
414 2798 551 2882 κυρίους
582 2791 668 2861 εἶναι
698 2798 839 2879 βεβαίως
870 2795 1126 2880 παρεσκεύακας,

187 3029 201 3076 1
217 3021 360 3093 *μάλιστα
375 3023 432 3076 ἴστε
447 3021 489 3076 ότι
503 3030 552 3076 τοῦ
566 3041 595 3076 τε
607 3021 767 3092 αὐχήματος
781 3021 803 3076 Ο
819 3042 845 3092 μ.
860 3023 1025 3092 προχείρους
1040 3019 1124 3090 ἔχετε,

114 3089 146 3148 εὑ
175 3095 236 3148 ἴσθι
264 3090 306 3147 ὅτι
330 3089 406 3148 τοῦτ’
437 3091 596 3162 αὐχήματος
625 3110 648 3147 ο.
677 3092 779 3147 Reiske
812 3113 839 3163 μ.
872 3090 1040 3157 σπουδάζετε
1070 3092 1126 3161 (vel

114 3165 244 3235 ἀσκεῖτε),
264 3165 334 3231 ίσθι,
354 3163 396 3218 ότι
414 3171 463 3218 τοὺ
482 3162 507 3218 τ’
525 3164 684 3234 αὐχήματος
702 3181 724 3218 ο.
741 3162 864 3218 Sintenis
882 3163 943 3216 Em.
962 3162 1043 3218 Dion.
1062 3162 1076 3216 Ι
1091 3169 1124 3216 22

114 3233 222 3304 μάλιστ’
244 3230 411 3302 ἐπίστασθε,
435 3236 492 3289 ίστε
515 3252 567 3304 ego
657 3242 673 3288 3
692 3232 1126 3358 ὑποβήσονταιχςάποστήσονται

115 3322 139 3362 ο.
157 3304 287 3360 Hertlein
305 3305 421 3378 Hermes
440 3305 466 3358 X
480 3311 531 3359 417
605 3310 638 3358 14
657 3306 829 3360 ἀποίσεσθαι
848 3322 871 3360 ο.
912 3304 1030 3374 1essling
1092 3309 1125 3358 15

115 3375 307 3499 ἃευμτοὲίυ.»
326 3378 370 3430 Ba
468 3382 501 3429 21
521 3376 569 3430 καὶ
588 3376 691 3442 πλήθει
711 3377 775 3432 add.
793 3377 816 3429 Β
916 3380 950 3430 23
969 3375 1082 3445 ἀγαθὸν
1102 3375 1125 3429 0

113 3450 226 3518 praeter
