2378 3840
110 185 175 250 278
533 186 699 238 -Θ-

109 371 212 432 τινας,
231 347 340 431 ὥσπερ
359 344 518 429 ἐποίησαν
537 347 572 411 οί
588 348 652 432 πρὸ
671 346 782 412 αὐτῶν
799 347 930 431 ὕπατοι,
948 346 1185 432 διέστησανιλε

110 456 146 519 τὸ
171 453 317 538 ἀρχεῖον·
341 450 395 516 καὶ
419 452 498 536 μετὰ
521 449 609 517 τοῦτ’
634 455 794 538 ἔπραττον
819 450 873 518 ἐπὶ
890 458 1018 538 πολλῆς
1036 453 1132 532 ἐξου-

74 561 184 638 2σίας
211 561 250 625 τά
279 558 421 637 δόξαντα
448 568 487 643 τῇ
515 563 630 643 βουλῇ.
676 558 857 644 γενομένης
885 555 922 624 δέ
949 569 1008 642 τῆς
1030 584 1131 626 κατα-

109 675 240 751 γραφῆς
258 665 295 731 ἐν
314 665 441 749 ὀλίγαις
458 664 595 750 ἡμέραις
614 662 751 750 ἐξῄεσαν
770 663 823 730 ἐπὶ
842 667 920 742 τοὺς
937 671 1129 751 πολεμίους,

83 775 173 839 εδύο
197 769 258 858 μέν
282 770 433 857 ἑκάτερος
456 774 547 854 άγων
566 769 736 855 Ῥωμαίων
759 772 906 856 τάγματα
928 783 997 838 τῶν
1016 771 1050 851 ἐξ
1071 773 1128 838 αὐ-
1184 761 1186 764 ⁴

110 889 168 963 τῆς
190 878 469 964 καταγραφέντων
491 888 549 961 τῆς
567 881 704 961 πόλεως,
728 877 789 943 οὐκ
809 877 931 944 ἐλάττω
951 875 989 944 δὲ
1008 880 1128 964 ταύτης

110 998 204 1071 χεῖρα
232 987 293 1069 την
318 985 383 1051 ὑπὸ
408 996 473 1049 τῶν
497 984 644 1050 ἀποίκων
667 1007 700 1048 τε
725 983 781 1049 καὶ
803 985 960 1069 ὑπηκόων
984 985 1127 1051 άποστα-

111 1098 233 1158 λεῑσαν.
279 1090 414 1177 ἀφίκετο
444 1088 474 1155 δ’
502 1091 614 1167 αὐτοῖς
638 1092 726 1174 παρὰ
749 1100 810 1156 τοῦ
833 1094 989 1156 Λατίνων
1013 1115 1049 1157 τε
1072 1089 1127 1157 καὶ

107 1196 269 1282 Ἑρνίκων
289 1202 411 1274 ἔθνους
430 1197 606 1263 διπλάσιον
625 1206 685 1262 τοῦ
703 1195 885 1280 κληθέντος
904 1196 1126 1282 ἐπικουρικόν.

69 1325 96 1364 1⁰
110 1305 150 1370 οὐ
178 1306 244 1390 μην
273 1303 453 1390 ἐχρήσαντό
482 1326 518 1387 γε
542 1307 653 1368 παντί·
681 1304 810 1387 πολλὴν
833 1299 869 1367 δέ
892 1304 991 1389 χάριν
1015 1304 1127 1380 αὐτοῖς

109 1411 234 1476 εἰδέναι
257 1413 422 1495 φήσαντες
439 1418 496 1492 της
514 1411 705 1493 προθυμίας
723 1407 891 1473 ἀπέλυσαν
909 1416 967 1492 τῆς
985 1408 1126 1474 άποστα-

75 1521 95 1584 3
111 1523 221 1602 λείσης
244 1516 416 1600 δυνάμεως
438 1517 499 1600 τὴν
522 1515 684 1599 ἡμίσειαν.
721 1513 837 1592 ἔταξαν
856 1510 893 1579 δέ
912 1511 968 1580 καὶ
984 1517 1051 1600 πρὸ
1070 1524 1127 1600 τῆς
1153 1508 1176 1585 γ’

111 1626 237 1698 πόλεως
260 1626 372 1702 τρίτον
396 1620 431 1686 ἐκ
456 1623 549 1686 δυεῖν
573 1623 747 1706 ταγμάτων
770 1632 837 1688 τῶν
860 1620 897 1687 ἐν
919 1621 1005 1706 άκμῇ
1030 1638 1127 1706 στρα-

112 1730 182 1811 τόν,
205 1728 337 1811 φύλακα
360 1736 418 1810 τῆς
436 1728 544 1811 χώρας
563 1727 734 1812 ἐσόμενον,
757 1735 790 1793 ελ
804 1751 854 1804 τις
873 1723 966 1809 ἑτέρα
986 1728 1128 1813 δύναμις

71 1851 95 1892 ιτ
111 1835 278 1916 πολεμίων
306 1831 342 1897 ἐκ
369 1841 429 1898 τοῦ
454 1830 618 1915 ἀδοκήτου
641 1836 777 1918 φανείη,
803 1837 881 1910 τοὺς
904 1831 934 1898 δ’
961 1830 1045 1919 ὑπὲρ
1068 1837 1128 1900 τόν

111 1939 347 2018 στρατιωτικὸν
379 1937 579 2022 κατάλογον,
612 1930 662 2015 οἷς
693 1941 740 2004 ἐτι
771 1940 912 2024 δύναμις
941 1935 983 2022 ην
1014 1939 1128 2006 ὅπλων

109 2049 267 2131 χρήσεως,
301 2043 338 2109 ἐν
367 2054 405 2129 τῇ
436 2047 529 2111 πόλει
558 2042 734 2110 κατέλιπον
762 2046 864 2131 άκρας
891 2069 925 2110 τε
953 2044 1008 2111 καὶ
1038 2050 1127 2132 τείχη

72 2151 325 2238 4φυλάξοντας.
376 2150 556 2235 ἀγαγόντες
589 2147 625 2216 δέ
657 2155 800 2234 πλησίον
827 2161 885 2235 της
914 2151 1128 2218 Οὐιεντανῶν

109 2263 236 2336 πόλεως
266 2259 323 2335 τάς
351 2259 509 2343 δυνάμεις
536 2257 900 2343 κατεστρατοπέδευσαν
928 2255 982 2323 ἐπὶ
1010 2262 1128 2342 λόφοις

72 2384 97 2423 νο
112 2364 211 2432 δυσὶν
234 2365 274 2431 οὐ
298 2366 427 2450 μακρὰν
446 2364 665 2449 ἀφεστηκόσιν
684 2361 741 2429 ἀπ’.
758 2363 919 2448 ἀλλήλων.
952 2360 996 2447 ἦν
1014 2361 1053 2429 δέ
1071 2362 1188 2430 καὶναο

111 2471 131 2554 ἡ
156 2483 222 2537 τῶν
245 2473 415 2556 πολεμίων
438 2471 578 2556 δύναμις
602 2469 875 2557 ἐξεστρατευμένη
899 2471 964 2555 πρὸ
988 2474 1128 2554 τῆςπό-

111 2584 193 2655 λεως
224 2581 330 2662 πολλη
363 2601 396 2643 τε
430 2575 485 2642 καὶ
517 2577 637 2660 άγαθή.
691 2577 963 2661 συνεληλύθεσαν
996 2577 1061 2661 γάρ
1092 2575 1127 2655 ἐξ

112 2684 239 2768 άπάσης
267 2688 452 2772 Τυρρηνίας
476 2685 511 2749 οί
531 2685 756 2750 δυνατώτατοι
779 2685 858 2759 τοὺς
880 2681 1008 2748 ἑαυτῶν
1031 2681 1126 2747 πενέ-

113 2808 190 2868 στας
218 2790 432 2874 ἐπαγόμενοι,
459 2787 514 2854 καὶ
542 2790 671 2872 ἐγένετο
699 2799 759 2855 τοῦ
777 2786 959 2872 Ῥωμαικοῦ
983 2797 1127 2874 στρατοῦ

17 2899 18 2903 ’
71 2879 224 2992 ἔξμείζον
251 2899 288 2963 τὸ
317 2898 524 2982 Τυρρηνικὸν
547 2896 608 2961 οὐκ
631 2897 741 2985 ὀλίγην.
787 2905 856 2972 τοῖς
879 2891 909 2959 δ’
929 2894 1068 2972 ὑπάτοις
1087 2896 1127 2985 τό

111 3030 145 3071 τε
173 3010 304 3088 πλῆθος
331 3004 433 3088 ὁρῶσι
462 3011 528 3066 τῶν
555 3004 723 3085 πολεμίων
750 2999 805 3066 καλ
832 3000 892 3083 την
916 3004 1127 3085 λαμπρότητα

111 3123 178 3177 τῶν
208 3111 321 3175 ὅπλων
350 3110 436 3174 πολὺ
468 3105 541 3182 δέος
569 3105 700 3170 ἐνέπεσε
707 3155 716 3190 ,
752 3110 796 3190 μη
824 3103 895 3172 ποτ’
928 3106 989 3192 οὐχ
1018 3105 1126 3173 ίκανολ

183 3312 198 3357 9
219 3299 399 3372 ἐπικουρικοῦ
416 3301 437 3354 Ο
458 3294 638 3367 ἐπικουρικὸν
652 3296 755 3350 Reiske
814 3305 846 3352 10
864 3298 957 3367 πάντη
971 3297 1022 3354 Ac
1040 3297 1125 3354 παντὶ

111 3373 294 3498 ἕθῖᾗθπαντλ
313 3389 335 3428 e.
351 3370 479 3426 Hertlein
492 3369 608 3422 Hermes
622 3367 647 3421 X
663 3373 714 3421 418
789 3375 821 3422 13
840 3369 889 3424 τὸν
909 3364 940 3424 ἐν
959 3370 1035 3471 άιμῇ
1056 3385 1123 3424 corr.
