<?xml version="1.0" encoding="UTF-8"?>
<!DOCTYPE html PUBLIC "-//W3C//DTD XHTML 1.0 Transitional//EN"
    "http://www.w3.org/TR/xhtml1/DTD/xhtml1-transitional.dtd">
<html xmlns="http://www.w3.org/1999/xhtml" xml:lang="en" lang="en">
 <head>
  <title>
</title>
<meta http-equiv="Content-Type" content="text/html;charset=utf-8" />
  <meta name='ocr-system' content='tesseract 3.04.00' />
  <meta name='ocr-capabilities' content='ocr_page ocr_carea ocr_par ocr_line ocrx_word'/>
</head>
<body>
  <div class='ocr_page' id='page_1' title='image "./dionysihalicarn04diongoog_0261.png"; bbox 0 0 2378 3840; ppageno 0'>
   <div class='ocr_carea' id='block_1_1' title="bbox 135 205 725 269">
    <p class='ocr_par' dir='ltr' id='par_1_1' title="bbox 135 205 725 269">
     <span class='ocr_line' id='line_1_1' title="bbox 135 205 725 269; baseline 0.002 -2"><span class='ocrx_word' id='word_1_1' title='bbox 135 205 200 269; x_wconf 79' lang='lat'><strong><em>246</em></strong></span> <span class='ocrx_word' id='word_1_2' title='bbox 556 206 725 255; x_wconf 84' lang='grc' dir='ltr'><strong><em>-Η-</em></strong></span> 
     </span>
    </p>
   </div>
   <div class='ocr_carea' id='block_1_2' title="bbox 89 363 1183 3010">
    <p class='ocr_par' dir='ltr' id='par_1_2' title="bbox 89 363 1183 3010">
     <span class='ocr_line' id='line_1_2' title="bbox 134 363 1152 452; baseline -0.001 -20"><span class='ocrx_word' id='word_1_3' title='bbox 134 368 228 432; x_wconf 80' lang='grc' dir='ltr'><strong><em>λύειν</em></strong></span> <span class='ocrx_word' id='word_1_4' title='bbox 258 365 294 430; x_wconf 80' lang='grc' dir='ltr'><strong><em>ἐκ</em></strong></span> <span class='ocrx_word' id='word_1_5' title='bbox 320 374 381 432; x_wconf 85' lang='grc' dir='ltr'><strong><em>τοῦ</em></strong></span> <span class='ocrx_word' id='word_1_6' title='bbox 410 367 516 450; x_wconf 89' lang='grc' dir='ltr'><strong><em>νόμον</em></strong></span> <span class='ocrx_word' id='word_1_7' title='bbox 546 365 692 452; x_wconf 80' lang='grc' dir='ltr'><strong><em>θάτερον</em></strong></span> <span class='ocrx_word' id='word_1_8' title='bbox 722 364 852 444; x_wconf 83' lang='grc' dir='ltr'><strong><em>ἀξιοῦσι</em></strong></span> <span class='ocrx_word' id='word_1_9' title='bbox 880 363 980 450; x_wconf 98' lang='grc' dir='ltr'><strong><em>μέρος</em></strong></span> <span class='ocrx_word' id='word_1_10' title='bbox 1006 368 1044 431; x_wconf 89' lang='grc' dir='ltr'><strong><em>τὸ</em></strong></span> <span class='ocrx_word' id='word_1_11' title='bbox 1068 367 1152 432; x_wconf 78' lang='grc' dir='ltr'><strong><em>κατὰ</em></strong></span> 
     </span>
     <span class='ocr_line' id='line_1_3' title="bbox 133 470 1152 558; baseline 0 -20"><span class='ocrx_word' id='word_1_12' title='bbox 133 474 195 557; x_wconf 81' lang='grc' dir='ltr'><strong><em>την</em></strong></span> <span class='ocrx_word' id='word_1_13' title='bbox 219 474 408 558; x_wconf 81' lang='grc' dir='ltr'><strong><em>ἰσομοιρίαν</em></strong></span> <span class='ocrx_word' id='word_1_14' title='bbox 430 482 497 538; x_wconf 86' lang='grc' dir='ltr'><strong><em>τῶν</em></strong></span> <span class='ocrx_word' id='word_1_15' title='bbox 521 470 708 557; x_wconf 93' lang='grc' dir='ltr'><strong><em>ἐπηλύδων,</em></strong></span> <span class='ocrx_word' id='word_1_16' title='bbox 732 472 882 557; x_wconf 75' lang='grc' dir='ltr'><strong><em>ἐπείσθη,</em></strong></span> <span class='ocrx_word' id='word_1_17' title='bbox 905 471 989 537; x_wconf 83' lang='grc' dir='ltr'><strong><em>ἀλλὰ</em></strong></span> <span class='ocrx_word' id='word_1_18' title='bbox 1012 470 1069 537; x_wconf 80' lang='grc' dir='ltr'><strong><em>καὶ</em></strong></span> <span class='ocrx_word' id='word_1_19' title='bbox 1093 473 1152 557; x_wconf 87' lang='grc' dir='ltr'><strong><em>δη-</em></strong></span> 
     </span>
     <span class='ocr_line' id='line_1_4' title="bbox 135 575 1150 668; baseline -0.002 -22"><span class='ocrx_word' id='word_1_20' title='bbox 135 580 274 666; x_wconf 80' lang='grc' dir='ltr'><strong><em>μάρχοις</em></strong></span> <span class='ocrx_word' id='word_1_21' title='bbox 300 577 355 644; x_wconf 82' lang='grc' dir='ltr'><strong><em>καὶ</em></strong></span> <span class='ocrx_word' id='word_1_22' title='bbox 384 580 561 668; x_wconf 77' lang='grc' dir='ltr'><strong><em>συνυπάτῳ</em></strong></span> <span class='ocrx_word' id='word_1_23' title='bbox 585 577 640 644; x_wconf 81' lang='grc' dir='ltr'><strong><em>καί</em></strong></span> <span class='ocrx_word' id='word_1_24' title='bbox 663 583 768 664; x_wconf 73' lang='grc' dir='ltr'><strong><em>βουλῇ</em></strong></span> <span class='ocrx_word' id='word_1_25' title='bbox 792 576 847 644; x_wconf 82' lang='grc' dir='ltr'><strong><em>καὶ</em></strong></span> <span class='ocrx_word' id='word_1_26' title='bbox 869 588 950 646; x_wconf 82' lang='grc' dir='ltr'><strong><em>πᾶσι</em></strong></span> <span class='ocrx_word' id='word_1_27' title='bbox 972 589 1043 656; x_wconf 68' lang='grc' dir='ltr'><strong><em>τοῖς</em></strong></span> <span class='ocrx_word' id='word_1_28' title='bbox 1066 575 1150 664; x_wconf 75' lang='grc' dir='ltr'><strong><em>ὑπὲρ</em></strong></span> 
     </span>
     <span class='ocr_line' id='line_1_5' title="bbox 133 684 1150 772; baseline 0.001 -21"><span class='ocrx_word' id='word_1_29' title='bbox 133 695 194 752; x_wconf 83' lang='grc' dir='ltr'><strong><em>τοῦ</em></strong></span> <span class='ocrx_word' id='word_1_30' title='bbox 216 694 334 752; x_wconf 84' lang='grc' dir='ltr'><strong><em>κοινοῦ</em></strong></span> <span class='ocrx_word' id='word_1_31' title='bbox 356 685 396 751; x_wconf 89' lang='grc' dir='ltr'><strong><em>τδι</em></strong></span> <span class='ocrx_word' id='word_1_32' title='bbox 417 685 574 772; x_wconf 79' lang='grc' dir='ltr'><strong><em>κράτιστα</em></strong></span> <span class='ocrx_word' id='word_1_33' title='bbox 597 684 854 770; x_wconf 75' lang='grc' dir='ltr'><strong><em>βουλευομένοις</em></strong></span> <span class='ocrx_word' id='word_1_34' title='bbox 871 684 1030 753; x_wconf 83' lang='grc' dir='ltr'><strong><em>τάναντία</em></strong></span> <span class='ocrx_word' id='word_1_35' title='bbox 1047 687 1150 772; x_wconf 80' lang='grc' dir='ltr'><strong><em>πράτ-</em></strong></span> 
     </span>
     <span class='ocr_line' id='line_1_6' title="bbox 98 773 1150 888; baseline -0.001 -30"><span class='ocrx_word' id='word_1_36' title='bbox 98 773 201 888; x_wconf 62' lang='grc' dir='ltr'><strong><em>’ῑξτων</em></strong></span> <span class='ocrx_word' id='word_1_37' title='bbox 228 790 399 859; x_wconf 85' lang='grc' dir='ltr'><strong><em>διετέλεσε.</em></strong></span> <span class='ocrx_word' id='word_1_38' title='bbox 450 793 677 872; x_wconf 71' lang='grc' dir='ltr'><strong><em>διεξελθόντες</em></strong></span> <span class='ocrx_word' id='word_1_39' title='bbox 704 788 741 857; x_wconf 75' lang='grc' dir='ltr'><strong><em>δέ</em></strong></span> <span class='ocrx_word' id='word_1_40' title='bbox 769 802 870 858; x_wconf 87' lang='grc' dir='ltr'><strong><em>ταῦτα</em></strong></span> <span class='ocrx_word' id='word_1_41' title='bbox 897 790 952 857; x_wconf 79' lang='grc' dir='ltr'><strong><em>καί</em></strong></span> <span class='ocrx_word' id='word_1_42' title='bbox 979 793 1150 878; x_wconf 79' lang='grc' dir='ltr'><strong><em>μάρτυρας</em></strong></span> 
     </span>
     <span class='ocr_line' id='line_1_7' title="bbox 134 895 1144 983; baseline 0.002 -19"><span class='ocrx_word' id='word_1_43' title='bbox 134 899 245 965; x_wconf 85' lang='grc' dir='ltr'><strong><em>αὐτῶν</em></strong></span> <span class='ocrx_word' id='word_1_44' title='bbox 268 900 415 976; x_wconf 78' lang='grc' dir='ltr'><strong><em>ἅπαντας</em></strong></span> <span class='ocrx_word' id='word_1_45' title='bbox 436 902 514 976; x_wconf 85' lang='grc' dir='ltr'><strong><em>τοὺς</em></strong></span> <span class='ocrx_word' id='word_1_46' title='bbox 535 902 671 976; x_wconf 80' lang='grc' dir='ltr'><strong><em>πολίτας</em></strong></span> <span class='ocrx_word' id='word_1_47' title='bbox 692 899 922 983; x_wconf 81' lang='grc' dir='ltr'><strong><em>ποιησάμενοι,</em></strong></span> <span class='ocrx_word' id='word_1_48' title='bbox 951 900 1033 983; x_wconf 78' lang='grc' dir='ltr'><strong><em>μετὰ</em></strong></span> <span class='ocrx_word' id='word_1_49' title='bbox 1055 895 1144 966; x_wconf 79' lang='grc' dir='ltr'><strong><em>τοῦτ’</em></strong></span> 
     </span>
     <span class='ocr_line' id='line_1_8' title="bbox 133 1004 1148 1092; baseline 0.001 -20"><span class='ocrx_word' id='word_1_50' title='bbox 133 1007 198 1091; x_wconf 73' lang='grc' dir='ltr'><strong><em>ἤδη</em></strong></span> <span class='ocrx_word' id='word_1_51' title='bbox 226 1004 281 1072; x_wconf 81' lang='grc' dir='ltr'><strong><em>καί</em></strong></span> <span class='ocrx_word' id='word_1_52' title='bbox 308 1007 366 1083; x_wconf 84' lang='grc' dir='ltr'><strong><em>τὰς</em></strong></span> <span class='ocrx_word' id='word_1_53' title='bbox 396 1005 604 1092; x_wconf 81' lang='grc' dir='ltr'><strong><em>ἀπορρήτους</em></strong></span> <span class='ocrx_word' id='word_1_54' title='bbox 635 1013 692 1090; x_wconf 79' lang='grc' dir='ltr'><strong><em>τῆς</em></strong></span> <span class='ocrx_word' id='word_1_55' title='bbox 723 1007 922 1088; x_wconf 78' lang='grc' dir='ltr'><strong><em>τυραννίδος</em></strong></span> <span class='ocrx_word' id='word_1_56' title='bbox 951 1009 1148 1092; x_wconf 80' lang='grc' dir='ltr'><strong><em>παρείχοντο</em></strong></span> 
     </span>
     <span class='ocr_line' id='line_1_9' title="bbox 132 1110 1148 1199; baseline 0.003 -21"><span class='ocrx_word' id='word_1_57' title='bbox 132 1117 276 1197; x_wconf 86' lang='grc' dir='ltr'><strong><em>πίστεις,</em></strong></span> <span class='ocrx_word' id='word_1_58' title='bbox 308 1113 352 1190; x_wconf 82' lang='grc' dir='ltr'><strong><em>ὡς</em></strong></span> <span class='ocrx_word' id='word_1_59' title='bbox 382 1113 531 1198; x_wconf 75' lang='grc' dir='ltr'><strong><em>χρήματα</em></strong></span> <span class='ocrx_word' id='word_1_60' title='bbox 557 1135 592 1178; x_wconf 87' lang='grc' dir='ltr'><strong><em>τε</em></strong></span> <span class='ocrx_word' id='word_1_61' title='bbox 625 1111 858 1195; x_wconf 79' lang='grc' dir='ltr'><strong><em>συνενέγκαιεν</em></strong></span> <span class='ocrx_word' id='word_1_62' title='bbox 888 1110 976 1199; x_wconf 74' lang='grc' dir='ltr'><strong><em>αὐτῷ</em></strong></span> <span class='ocrx_word' id='word_1_63' title='bbox 1007 1116 1148 1181; x_wconf 80' lang='grc' dir='ltr'><strong><em>Λατῖνοι</em></strong></span> 
     </span>
     <span class='ocr_line' id='line_1_10' title="bbox 132 1215 1148 1306; baseline 0.003 -20"><span class='ocrx_word' id='word_1_64' title='bbox 132 1218 189 1286; x_wconf 83' lang='grc' dir='ltr'><strong><em>καί</em></strong></span> <span class='ocrx_word' id='word_1_65' title='bbox 211 1217 362 1306; x_wconf 80' lang='grc' dir='ltr'><strong><em>Ἕρνικες</em></strong></span> <span class='ocrx_word' id='word_1_66' title='bbox 393 1217 448 1285; x_wconf 83' lang='grc' dir='ltr'><strong><em>καὶ</em></strong></span> <span class='ocrx_word' id='word_1_67' title='bbox 480 1217 566 1284; x_wconf 82' lang='grc' dir='ltr'><strong><em>ὅπλα</em></strong></span> <span class='ocrx_word' id='word_1_68' title='bbox 595 1219 901 1304; x_wconf 81' lang='grc' dir='ltr'><strong><em>παρασκευάσαιντο</em></strong></span> <span class='ocrx_word' id='word_1_69' title='bbox 933 1215 989 1283; x_wconf 84' lang='grc' dir='ltr'><strong><em>καὶ</em></strong></span> <span class='ocrx_word' id='word_1_70' title='bbox 1022 1235 1148 1305; x_wconf 78' lang='grc' dir='ltr'><strong><em>συμπο-</em></strong></span> 
     </span>
     <span class='ocr_line' id='line_1_11' title="bbox 95 1323 1147 1413; baseline 0.008 -27"><span class='ocrx_word' id='word_1_71' title='bbox 95 1327 288 1413; x_wconf 85' lang='grc' dir='ltr'><strong><em>ωρεύοιντο</em></strong></span> <span class='ocrx_word' id='word_1_72' title='bbox 311 1327 356 1404; x_wconf 83' lang='grc' dir='ltr'><strong><em>ὡς</em></strong></span> <span class='ocrx_word' id='word_1_73' title='bbox 377 1325 480 1392; x_wconf 84' lang='grc' dir='ltr'><strong><em>αὐτὸν</em></strong></span> <span class='ocrx_word' id='word_1_74' title='bbox 503 1325 539 1390; x_wconf 86' lang='grc' dir='ltr'><strong><em>οί</em></strong></span> <span class='ocrx_word' id='word_1_75' title='bbox 559 1326 765 1412; x_wconf 88' lang='grc' dir='ltr'><strong><em>θρασύτατοι</em></strong></span> <span class='ocrx_word' id='word_1_76' title='bbox 788 1337 854 1391; x_wconf 89' lang='grc' dir='ltr'><strong><em>τῶν</em></strong></span> <span class='ocrx_word' id='word_1_77' title='bbox 878 1323 914 1391; x_wconf 84' lang='grc' dir='ltr'><strong><em>ἐν</em></strong></span> <span class='ocrx_word' id='word_1_78' title='bbox 937 1336 1009 1402; x_wconf 77' lang='grc' dir='ltr'><strong><em>ταῖς</em></strong></span> <span class='ocrx_word' id='word_1_79' title='bbox 1031 1330 1147 1394; x_wconf 88' lang='grc' dir='ltr'><strong><em>πόλεσι</em></strong></span> 
     </span>
     <span class='ocr_line' id='line_1_12' title="bbox 132 1428 1147 1518; baseline 0.001 -20"><span class='ocrx_word' id='word_1_80' title='bbox 132 1430 221 1498; x_wconf 89' lang='grc' dir='ltr'><strong><em>νέων</em></strong></span> <span class='ocrx_word' id='word_1_81' title='bbox 244 1432 413 1518; x_wconf 81' lang='grc' dir='ltr'><strong><em>ἀπόρρητά</em></strong></span> <span class='ocrx_word' id='word_1_82' title='bbox 440 1454 475 1496; x_wconf 89' lang='grc' dir='ltr'><strong><em>τε</em></strong></span> <span class='ocrx_word' id='word_1_83' title='bbox 500 1433 695 1515; x_wconf 90' lang='grc' dir='ltr'><strong><em>ποιούμενοι</em></strong></span> <span class='ocrx_word' id='word_1_84' title='bbox 718 1434 939 1518; x_wconf 73' lang='grc' dir='ltr'><strong><em>βουλευτήρια</em></strong></span> <span class='ocrx_word' id='word_1_85' title='bbox 961 1428 1147 1499; x_wconf 77' lang='grc' dir='ltr'><strong><em>καὶπολλὰ</em></strong></span> 
     </span>
     <span class='ocr_line' id='line_1_13' title="bbox 132 1535 1147 1624; baseline 0 -20"><span class='ocrx_word' id='word_1_86' title='bbox 132 1540 216 1621; x_wconf 89' lang='grc' dir='ltr'><strong><em>πρὸς</em></strong></span> <span class='ocrx_word' id='word_1_87' title='bbox 237 1539 368 1616; x_wconf 88' lang='grc' dir='ltr'><strong><em>τούτοις</em></strong></span> <span class='ocrx_word' id='word_1_88' title='bbox 390 1536 484 1621; x_wconf 79' lang='grc' dir='ltr'><strong><em>ἔτερα</em></strong></span> <span class='ocrx_word' id='word_1_89' title='bbox 506 1538 758 1624; x_wconf 84' lang='grc' dir='ltr'><strong><em>ὑπηρετοῦντες,</em></strong></span> <span class='ocrx_word' id='word_1_90' title='bbox 780 1535 836 1604; x_wconf 84' lang='grc' dir='ltr'><strong><em>καὶ</em></strong></span> <span class='ocrx_word' id='word_1_91' title='bbox 853 1541 1050 1624; x_wconf 82' lang='grc' dir='ltr'><strong><em>παρείχοντο</em></strong></span> <span class='ocrx_word' id='word_1_92' title='bbox 1069 1543 1147 1617; x_wconf 83' lang='grc' dir='ltr'><strong><em>τοὺς</em></strong></span> 
     </span>
     <span class='ocr_line' id='line_1_14' title="bbox 132 1640 1147 1730; baseline 0.004 -22"><span class='ocrx_word' id='word_1_93' title='bbox 132 1645 261 1708; x_wconf 88' lang='grc' dir='ltr'><strong><em>τούτων</em></strong></span> <span class='ocrx_word' id='word_1_94' title='bbox 284 1643 452 1730; x_wconf 80' lang='grc' dir='ltr'><strong><em>μάρτυρας</em></strong></span> <span class='ocrx_word' id='word_1_95' title='bbox 473 1647 618 1721; x_wconf 84' lang='grc' dir='ltr'><strong><em>πολλοὺς</em></strong></span> <span class='ocrx_word' id='word_1_96' title='bbox 641 1640 702 1729; x_wconf 73' lang='grc' dir='ltr'><strong><em>μέν</em></strong></span> <span class='ocrx_word' id='word_1_97' title='bbox 725 1643 856 1726; x_wconf 82' lang='grc' dir='ltr'><strong><em>ἀστούς,</em></strong></span> <span class='ocrx_word' id='word_1_98' title='bbox 885 1647 1032 1722; x_wconf 86' lang='grc' dir='ltr'><strong><em>πολλοὺς</em></strong></span> <span class='ocrx_word' id='word_1_99' title='bbox 1054 1642 1085 1710; x_wconf 91' lang='grc' dir='ltr'><strong><em>δ’</em></strong></span> <span class='ocrx_word' id='word_1_100' title='bbox 1113 1644 1147 1712; x_wconf 88' lang='grc' dir='ltr'><strong><em>ἐκ</em></strong></span> 
     </span>
     <span class='ocr_line' id='line_1_15' title="bbox 131 1749 1143 1836; baseline 0.005 -22"><span class='ocrx_word' id='word_1_101' title='bbox 131 1761 198 1815; x_wconf 91' lang='grc' dir='ltr'><strong><em>τῶν</em></strong></span> <span class='ocrx_word' id='word_1_102' title='bbox 226 1750 338 1814; x_wconf 74' lang='grc' dir='ltr'><strong><em>ἄλλων</em></strong></span> <span class='ocrx_word' id='word_1_103' title='bbox 366 1751 583 1834; x_wconf 85' lang='grc' dir='ltr'><strong><em>συμμαχίδων</em></strong></span> <span class='ocrx_word' id='word_1_104' title='bbox 612 1753 759 1836; x_wconf 84' lang='grc' dir='ltr'><strong><em>πόλεων,</em></strong></span> <span class='ocrx_word' id='word_1_105' title='bbox 791 1751 867 1817; x_wconf 76' lang='grc' dir='ltr'><strong><em>οὔτε</em></strong></span> <span class='ocrx_word' id='word_1_106' title='bbox 893 1752 1046 1834; x_wconf 87' lang='grc' dir='ltr'><strong><em>φαύλους</em></strong></span> <span class='ocrx_word' id='word_1_107' title='bbox 1073 1749 1143 1819; x_wconf 74' lang='grc' dir='ltr'><strong><em>οὔτ’</em></strong></span> 
     </span>
     <span class='ocr_line' id='line_1_16' title="bbox 92 1836 1183 1951; baseline 0.004 -31"><span class='ocrx_word' id='word_1_108' title='bbox 92 1836 279 1951; x_wconf 57' lang='grc' dir='ltr'><strong><em>ἷξάφανείς.</em></strong></span> <span class='ocrx_word' id='word_1_109' title='bbox 325 1847 375 1932; x_wconf 84' lang='grc' dir='ltr'><strong><em>οἷς</em></strong></span> <span class='ocrx_word' id='word_1_110' title='bbox 398 1854 588 1922; x_wconf 75' lang='grc' dir='ltr'><strong><em>ἐπίστευσεν</em></strong></span> <span class='ocrx_word' id='word_1_111' title='bbox 612 1857 630 1922; x_wconf 89' lang='grc' dir='ltr'>ὁ</span> <span class='ocrx_word' id='word_1_112' title='bbox 653 1858 768 1942; x_wconf 77' lang='grc' dir='ltr'><strong><em>δῆμος,</em></strong></span> <span class='ocrx_word' id='word_1_113' title='bbox 790 1855 845 1922; x_wconf 78' lang='grc' dir='ltr'><strong><em>καί</em></strong></span> <span class='ocrx_word' id='word_1_114' title='bbox 868 1857 944 1924; x_wconf 84' lang='grc' dir='ltr'><strong><em>ούτε</em></strong></span> <span class='ocrx_word' id='word_1_115' title='bbox 967 1861 1082 1941; x_wconf 86' lang='grc' dir='ltr'><strong><em>λόγοις</em></strong></span> <span class='ocrx_word' id='word_1_116' title='bbox 1100 1861 1183 1926; x_wconf 78' lang='grc' dir='ltr'><strong><em>ἔτιιοι</em></strong></span> 
     </span>
     <span class='ocr_line' id='line_1_17' title="bbox 131 1961 1146 2050; baseline 0.003 -23"><span class='ocrx_word' id='word_1_117' title='bbox 131 1961 308 2048; x_wconf 84' lang='grc' dir='ltr'><strong><em>ὑπαχθείς,</em></strong></span> <span class='ocrx_word' id='word_1_118' title='bbox 337 1961 395 2040; x_wconf 82' lang='grc' dir='ltr'><strong><em>οὓς</em></strong></span> <span class='ocrx_word' id='word_1_119' title='bbox 422 1963 441 2029; x_wconf 86' lang='grc' dir='ltr'><strong><em>δ</em></strong></span> <span class='ocrx_word' id='word_1_120' title='bbox 469 1962 553 2050; x_wconf 83' lang='grc' dir='ltr'><strong><em>ἀνὴρ</em></strong></span> <span class='ocrx_word' id='word_1_121' title='bbox 582 1962 618 2029; x_wconf 82' lang='grc' dir='ltr'><strong><em>ἐκ</em></strong></span> <span class='ocrx_word' id='word_1_122' title='bbox 640 1969 764 2047; x_wconf 75' lang='grc' dir='ltr'><strong><em>πολλῆς</em></strong></span> <span class='ocrx_word' id='word_1_123' title='bbox 785 1974 994 2048; x_wconf 77' lang='grc' dir='ltr'><strong><em>παρασκευῆς</em></strong></span> <span class='ocrx_word' id='word_1_124' title='bbox 1017 1981 1146 2048; x_wconf 87' lang='grc' dir='ltr'><strong><em>συγκει-</em></strong></span> 
     </span>
     <span class='ocr_line' id='line_1_18' title="bbox 131 2067 1145 2160; baseline 0.003 -25"><span class='ocrx_word' id='word_1_125' title='bbox 131 2069 252 2156; x_wconf 87' lang='grc' dir='ltr'><strong><em>μένους</em></strong></span> <span class='ocrx_word' id='word_1_126' title='bbox 279 2068 427 2154; x_wconf 83' lang='grc' dir='ltr'><strong><em>διέθετο,</em></strong></span> <span class='ocrx_word' id='word_1_127' title='bbox 460 2067 529 2136; x_wconf 80' lang='grc' dir='ltr'><strong><em>οὔτ’</em></strong></span> <span class='ocrx_word' id='word_1_128' title='bbox 561 2076 659 2159; x_wconf 79' lang='grc' dir='ltr'><strong><em>οίκτῳ</em></strong></span> <span class='ocrx_word' id='word_1_129' title='bbox 692 2069 811 2148; x_wconf 80' lang='grc' dir='ltr'><strong><em>ἐνδοὺς</em></strong></span> <span class='ocrx_word' id='word_1_130' title='bbox 837 2081 940 2156; x_wconf 80' lang='grc' dir='ltr'><strong><em>τριῶν</em></strong></span> <span class='ocrx_word' id='word_1_131' title='bbox 966 2067 1028 2154; x_wconf 71' lang='grc' dir='ltr'><strong><em>μὲν</em></strong></span> <span class='ocrx_word' id='word_1_132' title='bbox 1057 2072 1145 2160; x_wconf 76' lang='grc' dir='ltr'><strong><em>αύτῷ</em></strong></span> 
     </span>
     <span class='ocr_line' id='line_1_19' title="bbox 131 2174 1146 2262; baseline 0.002 -20"><span class='ocrx_word' id='word_1_133' title='bbox 131 2178 261 2242; x_wconf 84' lang='grc' dir='ltr'><strong><em>παίδων</em></strong></span> <span class='ocrx_word' id='word_1_134' title='bbox 294 2177 440 2261; x_wconf 85' lang='grc' dir='ltr'><strong><em>μεγάλην</em></strong></span> <span class='ocrx_word' id='word_1_135' title='bbox 476 2179 688 2262; x_wconf 83' lang='grc' dir='ltr'><strong><em>παρεχόντων</em></strong></span> <span class='ocrx_word' id='word_1_136' title='bbox 725 2178 773 2253; x_wconf 88' lang='grc' dir='ltr'><strong><em>είς</em></strong></span> <span class='ocrx_word' id='word_1_137' title='bbox 809 2178 903 2242; x_wconf 81' lang='grc' dir='ltr'><strong><em>ἔλεον</em></strong></span> <span class='ocrx_word' id='word_1_138' title='bbox 940 2174 1146 2262; x_wconf 87' lang='grc' dir='ltr'><strong><em>ἐπικουρίαν,</em></strong></span> 
     </span>
     <span class='ocr_line' id='line_1_20' title="bbox 130 2279 1146 2367; baseline 0.004 -20"><span class='ocrx_word' id='word_1_139' title='bbox 130 2288 264 2349; x_wconf 82' lang='grc' dir='ltr'><strong><em>πολλῶν</em></strong></span> <span class='ocrx_word' id='word_1_140' title='bbox 293 2280 324 2348; x_wconf 84' lang='grc' dir='ltr'><strong><em>δ’</em></strong></span> <span class='ocrx_word' id='word_1_141' title='bbox 356 2285 467 2349; x_wconf 75' lang='grc' dir='ltr'><strong><em>ἄλλων</em></strong></span> <span class='ocrx_word' id='word_1_142' title='bbox 495 2293 667 2367; x_wconf 79' lang='grc' dir='ltr'><strong><em>συγγενῶν</em></strong></span> <span class='ocrx_word' id='word_1_143' title='bbox 694 2305 728 2346; x_wconf 90' lang='grc' dir='ltr'><strong><em>τε</em></strong></span> <span class='ocrx_word' id='word_1_144' title='bbox 755 2280 812 2347; x_wconf 81' lang='grc' dir='ltr'><strong><em>καί</em></strong></span> <span class='ocrx_word' id='word_1_145' title='bbox 841 2279 981 2366; x_wconf 82' lang='grc' dir='ltr'><strong><em>ἑταίρων</em></strong></span> <span class='ocrx_word' id='word_1_146' title='bbox 1004 2290 1146 2351; x_wconf 88' lang='grc' dir='ltr'><strong><em>συνολο-</em></strong></span> 
     </span>
     <span class='ocr_line' id='line_1_21' title="bbox 90 2383 1146 2476; baseline 0.002 -21"><span class='ocrx_word' id='word_1_147' title='bbox 90 2383 347 2476; x_wconf 59' lang='grc' dir='ltr'><strong><em>Ξοφυρομένων,</em></strong></span> <span class='ocrx_word' id='word_1_148' title='bbox 375 2390 451 2455; x_wconf 80' lang='grc' dir='ltr'><strong><em>οὔτε</em></strong></span> <span class='ocrx_word' id='word_1_149' title='bbox 479 2400 547 2455; x_wconf 92' lang='grc' dir='ltr'><strong><em>τῶν</em></strong></span> <span class='ocrx_word' id='word_1_150' title='bbox 568 2390 651 2456; x_wconf 84' lang='grc' dir='ltr'><strong><em>κατὰ</em></strong></span> <span class='ocrx_word' id='word_1_151' title='bbox 674 2386 839 2473; x_wconf 85' lang='grc' dir='ltr'><strong><em>πολέμους</em></strong></span> <span class='ocrx_word' id='word_1_152' title='bbox 861 2391 984 2475; x_wconf 79' lang='grc' dir='ltr'><strong><em>ἔργων,</em></strong></span> <span class='ocrx_word' id='word_1_153' title='bbox 1015 2387 1060 2455; x_wconf 85' lang='grc' dir='ltr'><strong><em>δι’</em></strong></span> <span class='ocrx_word' id='word_1_154' title='bbox 1087 2390 1146 2468; x_wconf 81' lang='grc' dir='ltr'><strong><em>οδς</em></strong></span> 
     </span>
     <span class='ocr_line' id='line_1_22' title="bbox 131 2491 1145 2582; baseline 0.003 -23"><span class='ocrx_word' id='word_1_155' title='bbox 131 2492 184 2560; x_wconf 85' lang='grc' dir='ltr'><strong><em>ἐπὶ</em></strong></span> <span class='ocrx_word' id='word_1_156' title='bbox 212 2500 372 2582; x_wconf 82' lang='grc' dir='ltr'><strong><em>μήκιστον</em></strong></span> <span class='ocrx_word' id='word_1_157' title='bbox 394 2491 479 2580; x_wconf 76' lang='grc' dir='ltr'><strong><em>ἦλθε</em></strong></span> <span class='ocrx_word' id='word_1_158' title='bbox 501 2504 596 2580; x_wconf 81' lang='grc' dir='ltr'><strong><em>τιμῆς</em></strong></span> <span class='ocrx_word' id='word_1_159' title='bbox 618 2497 722 2580; x_wconf 83' lang='grc' dir='ltr'><strong><em>φειδὼ</em></strong></span> <span class='ocrx_word' id='word_1_160' title='bbox 746 2497 859 2580; x_wconf 83' lang='grc' dir='ltr'><strong><em>λαβών</em></strong></span> <span class='ocrx_word' id='word_1_161' title='bbox 881 2518 972 2578; x_wconf 92' lang='grc' dir='ltr'><strong><em>τινα,</em></strong></span> <span class='ocrx_word' id='word_1_162' title='bbox 1000 2508 1145 2580; x_wconf 78' lang='grc' dir='ltr'><strong><em>καταρη-</em></strong></span> 
     </span>
     <span class='ocr_line' id='line_1_23' title="bbox 95 2597 1144 2689; baseline 0 -20"><span class='ocrx_word' id='word_1_163' title='bbox 95 2604 257 2686; x_wconf 73' lang='grc' dir='ltr'><strong><em>5φίζεται</em></strong></span> <span class='ocrx_word' id='word_1_164' title='bbox 284 2605 345 2688; x_wconf 78' lang='grc' dir='ltr'><strong><em>τὴν</em></strong></span> <span class='ocrx_word' id='word_1_165' title='bbox 374 2605 479 2687; x_wconf 92' lang='grc' dir='ltr'><strong><em>δίκην.</em></strong></span> <span class='ocrx_word' id='word_1_166' title='bbox 525 2602 632 2680; x_wconf 87' lang='grc' dir='ltr'><strong><em>ούτως</em></strong></span> <span class='ocrx_word' id='word_1_167' title='bbox 653 2600 681 2669; x_wconf 90' lang='grc' dir='ltr'><strong><em>τ’</em></strong></span> <span class='ocrx_word' id='word_1_168' title='bbox 709 2604 773 2686; x_wconf 80' lang='grc' dir='ltr'><strong><em>ἄρα</em></strong></span> <span class='ocrx_word' id='word_1_169' title='bbox 795 2597 839 2685; x_wconf 75' lang='grc' dir='ltr'><strong><em>ἦν</em></strong></span> <span class='ocrx_word' id='word_1_170' title='bbox 861 2605 978 2688; x_wconf 88' lang='grc' dir='ltr'><strong><em>πικρὸς</em></strong></span> <span class='ocrx_word' id='word_1_171' title='bbox 1001 2605 1085 2689; x_wconf 83' lang='grc' dir='ltr'><strong><em>πρὸς</em></strong></span> <span class='ocrx_word' id='word_1_172' title='bbox 1107 2606 1144 2670; x_wconf 82' lang='grc' dir='ltr'><strong><em>τὸ</em></strong></span> 
     </span>
     <span class='ocr_line' id='line_1_24' title="bbox 130 2703 1144 2797; baseline 0.002 -24"><span class='ocrx_word' id='word_1_173' title='bbox 130 2719 188 2794; x_wconf 78' lang='grc' dir='ltr'><strong><em>τῆς</em></strong></span> <span class='ocrx_word' id='word_1_174' title='bbox 208 2712 408 2797; x_wconf 90' lang='grc' dir='ltr'><strong><em>τυραννίδος</em></strong></span> <span class='ocrx_word' id='word_1_175' title='bbox 430 2711 549 2795; x_wconf 68' lang='grc' dir='ltr'><strong><em>ὄνομα,</em></strong></span> <span class='ocrx_word' id='word_1_176' title='bbox 576 2707 653 2777; x_wconf 78' lang='grc' dir='ltr'><strong><em>ὥστ’</em></strong></span> <span class='ocrx_word' id='word_1_177' title='bbox 680 2703 754 2776; x_wconf 84' lang='grc' dir='ltr'><strong><em>οὐδ’</em></strong></span> <span class='ocrx_word' id='word_1_178' title='bbox 782 2708 819 2777; x_wconf 84' lang='grc' dir='ltr'><strong><em>ἐν</em></strong></span> <span class='ocrx_word' id='word_1_179' title='bbox 840 2719 886 2797; x_wconf 79' lang='grc' dir='ltr'><strong><em>τῷ</em></strong></span> <span class='ocrx_word' id='word_1_180' title='bbox 909 2711 1065 2794; x_wconf 80' lang='grc' dir='ltr'><strong><em>τιμήματι</em></strong></span> <span class='ocrx_word' id='word_1_181' title='bbox 1087 2718 1144 2794; x_wconf 75' lang='grc' dir='ltr'><strong><em>τῆς</em></strong></span> 
     </span>
     <span class='ocr_line' id='line_1_25' title="bbox 128 2813 1144 2904; baseline 0.004 -25"><span class='ocrx_word' id='word_1_182' title='bbox 128 2818 225 2900; x_wconf 82' lang='grc' dir='ltr'><strong><em>δίκης</em></strong></span> <span class='ocrx_word' id='word_1_183' title='bbox 242 2820 359 2904; x_wconf 80' lang='grc' dir='ltr'><strong><em>μετρίᾳ</em></strong></span> <span class='ocrx_word' id='word_1_184' title='bbox 377 2816 458 2902; x_wconf 73' lang='grc' dir='ltr'><strong><em>ὀργῇ</em></strong></span> <span class='ocrx_word' id='word_1_185' title='bbox 478 2815 639 2903; x_wconf 74' lang='grc' dir='ltr'><strong><em>ἐχρήσατο</em></strong></span> <span class='ocrx_word' id='word_1_186' title='bbox 657 2818 740 2902; x_wconf 86' lang='grc' dir='ltr'><strong><em>πρὸς</em></strong></span> <span class='ocrx_word' id='word_1_187' title='bbox 759 2815 873 2899; x_wconf 85' lang='grc' dir='ltr'><strong><em>αὐτόν,</em></strong></span> <span class='ocrx_word' id='word_1_188' title='bbox 891 2813 975 2881; x_wconf 78' lang='grc' dir='ltr'><strong><em>ἀλλὰ</em></strong></span> <span class='ocrx_word' id='word_1_189' title='bbox 992 2815 1144 2883; x_wconf 83' lang='grc' dir='ltr'><strong><em>θανάτου</em></strong></span> 
     </span>
     <span class='ocr_line' id='line_1_26' title="bbox 89 2919 1144 3010; baseline 0.004 -25"><span class='ocrx_word' id='word_1_190' title='bbox 89 2944 116 2986; x_wconf 72' lang='grc' dir='ltr'><strong><em>τι</em></strong></span> <span class='ocrx_word' id='word_1_191' title='bbox 130 2921 292 3007; x_wconf 83' lang='grc' dir='ltr'><strong><em>ἐτίμησεν.</em></strong></span> <span class='ocrx_word' id='word_1_192' title='bbox 338 2920 441 3010; x_wconf 77' lang='grc' dir='ltr'><strong><em>είσῄει</em></strong></span> <span class='ocrx_word' id='word_1_193' title='bbox 469 2924 533 3009; x_wconf 76' lang='grc' dir='ltr'><strong><em>γὰρ</em></strong></span> <span class='ocrx_word' id='word_1_194' title='bbox 556 2923 659 2988; x_wconf 85' lang='grc' dir='ltr'><strong><em>αὐτὸν</em></strong></span> <span class='ocrx_word' id='word_1_195' title='bbox 683 2920 768 3005; x_wconf 80' lang='grc' dir='ltr'><strong><em>δέος,</em></strong></span> <span class='ocrx_word' id='word_1_196' title='bbox 790 2923 834 3006; x_wconf 82' lang='grc' dir='ltr'><strong><em>μὴ</em></strong></span> <span class='ocrx_word' id='word_1_197' title='bbox 857 2922 967 3006; x_wconf 80' lang='grc' dir='ltr'><strong><em>φυγὰς</em></strong></span> <span class='ocrx_word' id='word_1_198' title='bbox 990 2919 1144 2999; x_wconf 83' lang='grc' dir='ltr'><strong><em>ἐλασθείς</em></strong></span> 
     </span>
    </p>
   </div>
   <div class='ocr_carea' id='block_1_3' title="bbox 128 3109 1143 3472">
    <p class='ocr_par' dir='ltr' id='par_1_3' title="bbox 128 3109 1143 3472">
     <span class='ocr_line' id='line_1_27' title="bbox 201 3109 1143 3188; baseline -0.001 -20"><span class='ocrx_word' id='word_1_199' title='bbox 201 3113 371 3188; x_wconf 73' lang='grc' dir='ltr'><strong><em>2&lt;καλ&gt;Β</em></strong></span> <span class='ocrx_word' id='word_1_200' title='bbox 470 3112 601 3170; x_wconf 81' lang='grc' dir='ltr'><strong><em>8τεοδν</em></strong></span> <span class='ocrx_word' id='word_1_201' title='bbox 620 3109 807 3184; x_wconf 83' lang='grc' dir='ltr'><strong><em>ἐνέγκαιενΒ</em></strong></span> <span class='ocrx_word' id='word_1_202' title='bbox 904 3119 936 3168; x_wconf 77' lang='lat'><strong><em>12</em></strong></span> <span class='ocrx_word' id='word_1_203' title='bbox 955 3113 1006 3168; x_wconf 81' lang='grc' dir='ltr'><strong><em>καλ</em></strong></span> <span class='ocrx_word' id='word_1_204' title='bbox 1023 3129 1079 3168; x_wconf 83' lang='lat' dir='ltr'><strong><em>om.</em></strong></span> <span class='ocrx_word' id='word_1_205' title='bbox 1098 3114 1143 3168; x_wconf 83' lang='lat' dir='ltr'><strong><em>Ba</em></strong></span> 
     </span>
     <span class='ocr_line' id='line_1_28' title="bbox 130 3179 1143 3260; baseline 0 -20"><span class='ocrx_word' id='word_1_206' title='bbox 130 3191 163 3240; x_wconf 88' lang='grc'><strong><em>13</em></strong></span> <span class='ocrx_word' id='word_1_207' title='bbox 182 3184 300 3258; x_wconf 85' lang='grc' dir='ltr'><strong><em>τούτων]</em></strong></span> <span class='ocrx_word' id='word_1_208' title='bbox 320 3186 413 3240; x_wconf 80' lang='grc' dir='ltr'><strong><em>αὐτῶν</em></strong></span> <span class='ocrx_word' id='word_1_209' title='bbox 431 3184 453 3239; x_wconf 90' lang='grc' dir='ltr'><strong>Β</strong></span> <span class='ocrx_word' id='word_1_210' title='bbox 510 3192 543 3240; x_wconf 87' lang='grc'><strong><em>19</em></strong></span> <span class='ocrx_word' id='word_1_211' title='bbox 562 3183 667 3254; x_wconf 83' lang='grc' dir='ltr'><strong><em>πολλὴν</em></strong></span> <span class='ocrx_word' id='word_1_212' title='bbox 685 3183 764 3239; x_wconf 74' lang='lat' dir='ltr'><strong><em>ABG</em></strong></span> <span class='ocrx_word' id='word_1_213' title='bbox 782 3189 891 3240; x_wconf 77' lang='grc' dir='ltr'><strong><em>πολλῶν</em></strong></span> <span class='ocrx_word' id='word_1_214' title='bbox 911 3184 985 3253; x_wconf 74' lang='lat' dir='ltr'><strong><em>cmg</em></strong></span> <span class='ocrx_word' id='word_1_215' title='bbox 1001 3189 1004 3252; x_wconf 95' lang='grc' dir='ltr'>Ι</span> <span class='ocrx_word' id='word_1_216' title='bbox 1021 3179 1143 3260; x_wconf 78' lang='grc' dir='ltr'><strong><em>ἐτ&lt;αί&gt;-</em></strong></span> 
     </span>
     <span class='ocr_line' id='line_1_29' title="bbox 129 3253 1140 3328; baseline 0.002 -19"><span class='ocrx_word' id='word_1_217' title='bbox 129 3276 185 3324; x_wconf 92' lang='grc' dir='ltr'><strong><em>ρων</em></strong></span> <span class='ocrx_word' id='word_1_218' title='bbox 207 3258 226 3311; x_wconf 90' lang='grc' dir='ltr'>Β</span> <span class='ocrx_word' id='word_1_219' title='bbox 288 3263 323 3312; x_wconf 81' lang='grc'><strong><em>20</em></strong></span> <span class='ocrx_word' id='word_1_220' title='bbox 342 3255 382 3310; x_wconf 86' lang='grc' dir='ltr'><strong><em>δι’</em></strong></span> <span class='ocrx_word' id='word_1_221' title='bbox 404 3255 452 3320; x_wconf 74' lang='grc' dir='ltr'><strong><em>οὓς</em></strong></span> <span class='ocrx_word' id='word_1_222' title='bbox 471 3256 494 3312; x_wconf 93' lang='grc'><strong>0</strong></span> <span class='ocrx_word' id='word_1_223' title='bbox 512 3253 553 3311; x_wconf 88' lang='grc' dir='ltr'><strong><em>δι’</em></strong></span> <span class='ocrx_word' id='word_1_224' title='bbox 575 3255 594 3310; x_wconf 83' lang='grc' dir='ltr'><strong><em>δι</em></strong></span> <span class='ocrx_word' id='word_1_225' title='bbox 613 3255 793 3326; x_wconf 79' lang='lat' dir='ltr'><strong>c.Kiessling</strong></span> <span class='ocrx_word' id='word_1_226' title='bbox 852 3262 885 3310; x_wconf 83' lang='lat'><strong><em>21</em></strong></span> <span class='ocrx_word' id='word_1_227' title='bbox 905 3257 999 3328; x_wconf 76' lang='grc' dir='ltr'><strong><em>λαβὼν</em></strong></span> <span class='ocrx_word' id='word_1_228' title='bbox 1018 3272 1073 3314; x_wconf 85' lang='lat' dir='ltr'><strong><em>om.</em></strong></span> <span class='ocrx_word' id='word_1_229' title='bbox 1093 3255 1140 3311; x_wconf 78' lang='grc' dir='ltr'><strong><em>ΒΟ</em></strong></span> 
     </span>
     <span class='ocr_line' id='line_1_30' title="bbox 128 3327 1140 3402; baseline 0.003 -22"><span class='ocrx_word' id='word_1_230' title='bbox 128 3333 164 3380; x_wconf 79' lang='grc'><strong><em>24</em></strong></span> <span class='ocrx_word' id='word_1_231' title='bbox 182 3329 281 3402; x_wconf 76' lang='grc' dir='ltr'><strong><em>μετρίᾳ</em></strong></span> <span class='ocrx_word' id='word_1_232' title='bbox 303 3334 337 3398; x_wconf 74' lang='grc' dir='ltr'><strong><em>τη</em></strong></span> <span class='ocrx_word' id='word_1_233' title='bbox 360 3328 429 3397; x_wconf 76' lang='grc' dir='ltr'><strong><em>ὀργῇ</em></strong></span> <span class='ocrx_word' id='word_1_234' title='bbox 453 3345 476 3382; x_wconf 85' lang='grc' dir='ltr'><strong><em>ο.</em></strong></span> <span class='ocrx_word' id='word_1_235' title='bbox 497 3327 670 3398; x_wconf 75' lang='lat' dir='ltr'>Grasberger</span> <span class='ocrx_word' id='word_1_236' title='bbox 691 3327 857 3397; x_wconf 77' lang='lat' dir='ltr'>Philologus</span> <span class='ocrx_word' id='word_1_237' title='bbox 875 3334 910 3384; x_wconf 77' lang='lat'><strong><em>28</em></strong></span> <span class='ocrx_word' id='word_1_238' title='bbox 936 3329 1033 3396; x_wconf 84' lang='grc'>(1869)-</span> <span class='ocrx_word' id='word_1_239' title='bbox 1047 3345 1075 3397; x_wconf 90' lang='lat' dir='ltr'><strong><em>p.</em></strong></span> <span class='ocrx_word' id='word_1_240' title='bbox 1088 3331 1140 3383; x_wconf 71' lang='lat'><strong><em>⁶48</em></strong></span> 
     </span>
     <span class='ocr_line' id='line_1_31' title="bbox 128 3393 1141 3472; baseline 0.001 -21"><span class='ocrx_word' id='word_1_241' title='bbox 128 3402 163 3451; x_wconf 82' lang='lat'><strong><em>25</em></strong></span> <span class='ocrx_word' id='word_1_242' title='bbox 188 3393 318 3461; x_wconf 80' lang='grc' dir='ltr'><strong><em>ἐλασθεὶς</em></strong></span> <span class='ocrx_word' id='word_1_243' title='bbox 346 3399 389 3452; x_wconf 82' lang='lat' dir='ltr'><strong><em>Ba</em></strong></span> <span class='ocrx_word' id='word_1_244' title='bbox 416 3396 530 3462; x_wconf 80' lang='grc' dir='ltr'><strong><em>ἐλαθεὶς</em></strong></span> <span class='ocrx_word' id='word_1_245' title='bbox 552 3399 578 3452; x_wconf 77' lang='lat' dir='ltr'><strong>R</strong></span> <span class='ocrx_word' id='word_1_246' title='bbox 605 3395 750 3464; x_wconf 76' lang='grc' dir='ltr'><strong><em>ἐξελαθεὶς</em></strong></span> <span class='ocrx_word' id='word_1_247' title='bbox 772 3415 796 3453; x_wconf 87' lang='grc' dir='ltr'><strong><em>ο.</em></strong></span> <span class='ocrx_word' id='word_1_248' title='bbox 820 3397 943 3453; x_wconf 77' lang='lat' dir='ltr'>Reudler</span> <span class='ocrx_word' id='word_1_249' title='bbox 964 3397 1055 3472; x_wconf 74' lang='lat' dir='ltr'><strong>Time.</strong></span> <span class='ocrx_word' id='word_1_250' title='bbox 1079 3397 1141 3457; x_wconf 64' lang='lat' dir='ltr'><strong>crit.</strong></span> 
     </span>
    </p>
   </div>
   <div class='ocr_carea' id='block_1_4' title="bbox 0 0 1194 3840">
    <p class='ocr_par' dir='ltr' id='par_1_4' title="bbox 0 0 1194 3840">
     <span class='ocr_line' id='line_1_32' title="bbox 0 0 1194 3840; baseline 0 2"><span class='ocrx_word' id='word_1_251' title='bbox 0 0 1194 3840; x_wconf 95' lang='lat' dir='ltr'><strong><em> </em></strong></span> 
     </span>
    </p>
   </div>
  </div>
 </body>
</html>
