2424 3848
512 161 677 213 -Θ-

86 341 149 389 σαν
173 323 208 387 ἐκ
232 333 291 388 τοῦ
314 323 466 407 χάρακος,
490 323 648 387 ούτετὸν
671 323 832 387 κίνδυνον
852 320 1101 406 ἐνθυμηθέντες

84 431 145 495 τὸν
177 432 450 512 καταληψόμενον
478 428 600 505 αὐτοὺς
631 428 775 505 ἀτάκτως
807 426 863 493 καὶ
895 425 995 514 χωρὶς
1026 428 1101 512 ηγε-

38 538 189 621 ισομύνος
216 534 372 611 ἀπιόντας
400 533 435 599 ἐκ
462 539 620 620 πολεμίας
648 544 708 619 γῆς
734 533 789 600 καί
816 533 905 600 ταῦτ’
934 533 970 599 ἐν
993 538 1100 618 νυκτί,

87 643 164 707 ούτε
200 641 261 723 τὴν
298 641 477 725 αἰσχύνην,
514 641 588 733 ὅση
611 639 766 719 καθέξειν
803 641 923 718 αὐτοὺς
955 644 1101 726 ἔμελλεν,

86 747 384 829 ὑπολογισάμενοι,
417 747 467 811 ότι
498 749 714 832 παρεχώρουν
747 758 816 824 τοῖς
847 751 1016 831 πολεμίοις
1042 757 1100 830 τῆς
1123 775 1140 825 ,ι

85 853 279 936 ἡγεμονίας,
306 855 344 917 τὸ
372 861 456 934 γοῦν
480 850 531 937 ἐφ’
560 850 689 929 ἑαυτοῖς
715 852 830 938 μέρος,
860 852 915 918 καὶ
942 851 1040 919 ταῦθ’
1069 855 1105 918 οί

87 960 282 1041 νικήσαντες
308 969 377 1033 τοῖς
400 956 661 1043 κεκρατημένοις.
710 959 850 1036 τούτους
873 959 914 1042 δὴ
938 962 1016 1035 τοὺς
1043 961 1136 1035 δίη-5

88 1066 171 1146 δρας
203 1063 447 1148 ὀρρωδοῦντες,
479 1059 505 1128 ὦ
536 1064 707 1149 ταξίαρχοί
733 1088 767 1129 τε
797 1063 852 1130 καὶ
882 1063 1019 1149 λοχαγοὶ
1047 1064 1102 1130 καὶ

88 1181 303 1253 στρατιῶται,
340 1173 419 1246 τοὺς
450 1168 520 1236 οὔτ’
554 1172 668 1256 άρχειν
701 1169 908 1254 δυναμένους
940 1169 1012 1235 οὔτ’
1045 1172 1102 1255 άρ-

88 1282 208 1361 χεσθαι
235 1275 461 1359 βουλομένους
486 1280 630 1353 πολλοὺς
657 1275 711 1341 καὶ
739 1277 900 1352 αὐθάδεις
925 1278 1023 1353 όντας
1047 1274 1102 1341 καὶ
1118 1305 1144 1344 ιο

88 1383 130 1447 τὰ
153 1382 237 1446 ὅπλα
261 1385 396 1468 ἔχοντας
416 1381 451 1447 ἐν
470 1386 596 1469 χερσίν,
620 1381 695 1447 ούτε
714 1385 876 1468 πρότερον
895 1381 1103 1466 ἐβουλόμεθα

88 1488 198 1573 μάχην
219 1489 398 1554 συνάπτειν
417 1490 493 1554 οὔτε
511 1499 576 1554 νῦν
595 1491 642 1553 ἔτι
661 1495 854 1573 θαρσοῦμεν
873 1487 926 1553 ἐπὶ
939 1488 1104 1564 τοιούτοις

89 1594 275 1678 συμμάχοις
307 1597 365 1660 τὸν
397 1591 481 1679 ὑπὲρ
514 1605 581 1659 τῶν
613 1599 778 1686 μεγίστων
804 1593 918 1678 ἀγῶνα
945 1596 1103 1677 άρασθαι,

89 1702 135 1785 μὴ
154 1701 331 1784 κωλύματα
349 1698 405 1765 καὶ
423 1690 544 1784 βλάβαι
564 1699 724 1783 γένωνται
743 1711 811 1777 τοϊς
827 1702 955 1766 ἅπαντα
969 1702 1009 1765 τδι
1022 1698 1101 1765 καθ’

90 1805 230 1883 ἑαυτοὺς
253 1809 411 1891 πρόθυμα
434 1805 679 1892 παρεχομένοις.
712 1808 743 1871 εί
764 1806 877 1890 μέντοι
900 1807 1063 1873 κάκείνων
1085 1797 1144 1909 ὁῇ

88 1915 171 1989 θεὸς
200 1910 252 1976 ἐπὶ
279 1912 319 1975 τά
342 1916 477 1996 κρείττω
501 1914 561 1977 τὸν
583 1920 667 1977 νοῦν
690 1913 763 1996 άγει
785 1912 864 1979 νυνὶ
887 1911 984 1998 <καὶ>
1007 1937 1104 1978 κατα-

89 2020 249 2102 βαλόντες
267 2019 305 2082 τὸ
324 2017 509 2101 στασιάζον,
532 2015 590 2102 ὑφ’
609 2012 650 2083 οὗ
672 2021 761 2099 [νῦν]
782 2019 887 2084 πολλὰ
906 2017 961 2082 καὶ
980 2019 1104 2102 μεγάλα

90 2124 267 2210 βλάπτεται
297 2125 333 2188 τὸ
364 2127 496 2206 κοινόν,
525 2125 546 2206 ἥ
573 2147 610 2207 γε
639 2125 681 2206 δὴ
710 2127 756 2200 είς
782 2127 860 2200 τοὺς
888 2133 945 2208 της
972 2126 1105 2209 είρηνης

90 2231 335 2314 ἀναβαλόμενοι
358 2232 509 2313 καιρούς,
537 2228 840 2314 ἐπανορθώσασθαι
863 2231 1042 2312 βούλονται
1065 2230 1104 2293 τά

89 2339 303 2420 παρελθόντα
326 2334 438 2419 ὀνείδη
462 2345 501 2420 τη
524 2345 588 2401 νῦν
612 2335 722 2420 ἀρετῇ,
745 2332 849 2419 μηδὲν
873 2338 920 2399 έτι
942 2337 980 2400 τὸ
999 2338 1104 2400 κωλῦ-
1119 2364 1145 2402 ιο

91 2460 153 2507 σον
177 2444 259 2506 ἔστω
279 2452 399 2527 χωρεῖν
418 2443 504 2525 ὑμᾶς
522 2440 575 2507 ἐπὶ
593 2445 670 2518 τοὺς
687 2445 878 2525 πολεμίους,
900 2441 958 2517 τδς
975 2440 1105 2523 ἀγαθάς

37 2545 383 2633 761προβαλλομένονς
410 2546 554 2625 ἐλπίδας.
599 2551 717 2633 ἔχομεν
746 2545 783 2613 δὲ
810 2548 935 2624 πολλάς
962 2542 1023 2631 μὲν
1049 2546 1138 2620 καὶῖ

90 2656 194 2729 άλλας
220 2652 372 2739 ἀφορμὰς
399 2657 446 2731 είς
468 2657 505 2719 τὸ
531 2664 641 2738 νικᾶν,
668 2659 823 2738 μεγίστας
846 2649 883 2718 δὲ
905 2651 961 2719 καὶ
983 2676 1104 2739 κυριω-

90 2761 205 2842 τάτας,
229 2758 267 2836 ἃς
289 2762 326 2824 τὸ
349 2771 417 2825 τῶν
439 2763 606 2844 πολεμίων
631 2759 774 2844 ἀνόητον
796 2760 876 2844 ἡμίν
899 2759 1049 2851 παρέχει,
1072 2761 1108 2824 οί

91 2889 129 2949 γε
149 2867 271 2947 πλήθει
291 2875 442 2955 στρατιᾶς
461 2874 574 2953 μακρῷ
593 2866 795 2951 προύχοντες
813 2867 906 2950 ἡμῶν
926 2864 980 2930 καὶ
998 2865 1103 2954 τούτῳ
1117 2889 1144 2929 ιι

78 3098 82 3104 .
166 3052 256 3124 6έφ’
278 3050 394 3119 ἑαυτούς
411 3056 437 3109 Α
529 3064 560 3111 12
586 3065 638 3112 νῦν
658 3057 753 3114 om.B
846 3063 878 3109 13
903 3059 1041 3124 αίρασθαι
1059 3055 1105 3108 Ba

94 3133 128 3182 15
148 3123 199 3195 μέν
218 3147 244 3181 τι
259 3127 286 3180 Α
340 3133 373 3180 16
393 3126 455 3195 ἄγει
473 3127 522 3182 τὸν
541 3137 610 3183 νοῦν
628 3129 694 3183 νυνὶ
712 3126 899 3200 καταβαλότες
912 3128 937 3180 A
953 3133 957 3193 Ι
973 3125 1023 3181 κοιλ
1040 3125 1105 3183 add.

93 3196 219 3252 Sintenis
239 3197 299 3254 Em.
315 3197 396 3252 Dion.
411 3198 439 3252 H
453 3203 487 3252 35
561 3205 593 3254 17
613 3207 665 3252 νῦν
685 3199 739 3254 del.
758 3197 863 3252 Reiske
937 3203 970 3251 18
990 3199 1020 3252 εί
1033 3216 1064 3288 χε
1083 3196 1105 3249 Β

92 3270 125 3324 εί
137 3288 169 3338 γε
188 3268 223 3337 δὴ
244 3285 297 3323 om.
318 3267 340 3322 Ο
359 3271 471 3337 praeter
488 3269 511 3322 Β
535 3286 603 3324 corr.
624 3269 748 3324 Sintenis
766 3269 785 3324 1.
804 3268 822 3323 l.
897 3273 929 3322 19
948 3287 1063 3338 καιρους
1082 3265 1109 3322 εἰ

92 3340 129 3408 δὴ
150 3335 230 3393 έπαν.
250 3338 275 3391 Α
293 3340 408 3407 καιρούς
427 3335 507 3396 έπαν.
526 3340 549 3394 Β
568 3360 593 3394 κ.
613 3339 667 3408 ἤδη
688 3336 730 3396 έπ.
749 3340 774 3393 R
794 3346 798 3404 1
821 3339 957 3412 βούλομαι
974 3338 1000 3392 A
1072 3345 1104 3392 21

91 3410 206 3481 ἡμᾶςΒ
280 3415 315 3464 24
334 3409 368 3472 ἃς
386 3427 401 3465 e
421 3427 490 3466 corr.
511 3411 556 3465 Bb
577 3417 582 3480 Ι
601 3411 668 3481 ἡμῖν
688 3428 742 3466 om.
761 3411 784 3464 B
805 3414 809 3479 Ι
830 3409 1034 3483 ά<νόη>τονΒ
