2424 3848
127 207 193 272 294
551 208 784 259 -Θ-·

126 368 232 454 λέγων
261 370 336 434 οὔτε
363 370 503 452 θεμιτὸν
531 366 580 432 ἐπ’
607 368 755 452 ἀδελφοῦ
777 368 913 457 θανάτῳ
936 367 991 433 καὶ
1015 369 1139 452 συνάρ-

125 499 242 562 χοντος
260 473 409 559 ἀποβολῇ
427 462 610 559 πομπεύειν
629 472 683 539 καὶ
698 485 978 558 στεφανηφορεῖν·
998 473 1141 552 ἀποθεὶς

126 579 163 647 δέ
191 583 247 659 τὰς
270 585 409 665 σημαίας
431 578 485 645 καὶ
509 583 586 656 τοὺς
609 581 807 665 στρατιώτας
831 579 999 656 ἀπολύσας
1023 579 1076 646 ε’πί
1098 583 1140 645 τὰ

126 691 231 753 οίκεῑα
259 688 320 770 τὴν
342 687 502 751 ὑπατείαν
525 685 738 770 άπαμόσατο,
767 687 861 751 δυεῖν
885 689 931 749 ἔτι
954 697 1070 770 μηνῶν
1092 689 1204 764 elenu

99 796 185 859 ετὸν
209 793 378 858 ε’νιαύσιον
396 795 519 878 χρόνον
539 790 755 875 λειπομένων,
778 790 942 869 ἀδύνατος
960 791 1008 856 ὢν
1025 794 1065 856 τά
1084 803 1142 876 τῆς

126 900 228 984 ἀρχῆς
255 902 301 964 ἔτι
329 899 495 985 πράττειν
542 897 756 977 ἐταλαιπώρει
780 897 842 983 γάρ
865 897 931 962 ὑπὸ
953 899 1142 982 τραύματος
1196 923 1198 927 ’

126 1005 272 1084 ἐξαισίου
296 1000 392 1070 καί
373 1029 415 1089 ην
439 1005 641 1087 κλινοπετής.
1154 1005 1156 1008 ’

193 1112 302 1176 XIIII.
334 1109 513 1195 Ἑλομένης
538 1106 575 1175 δὲ
597 1120 655 1194 τῆς
678 1087 801 1194 βουλῆς
822 1061 1051 1194 μεσοβασιλεις
1073 1124 1141 1177 τῶν

61 1289 62 1294 1
126 1218 346 1304 ἀρχαιρεσίων
378 1216 490 1300 ἕνεκα,
528 1215 583 1281 καὶ
613 1224 674 1283 τοῦ
691 1215 864 1300 δευτέρου
897 1215 1141 1307 μεσοβασιλέως

86 1344 112 1384 1⁰
127 1322 443 1408 συγκαλέσαντοςί
412 1347 459 1400 ες
481 1325 518 1388 τὸ
542 1324 660 1388 πεδίον
682 1325 760 1400 τοὺς
783 1326 919 1408 λόχους,
942 1322 1141 1389 ἀποδείκνυ-

124 1454 178 1495 ται
196 1433 334 1495 Καίσων
353 1430 481 1511 Φάβιος
503 1429 575 1494 ό
541 1453 580 1493 τα
598 1428 746 1515 ἀριστεῖα
765 1428 911 1532 λαβὼνέ
911 1452 930 1493 κ
948 1452 1006 1512 της
1023 1429 1141 1515 μάχης,
1179 1459 1183 1467 ·

82 1569 85 1574 ·
126 1535 269 1620 ἀδελφὸς
289 1531 326 1600 δε
344 1544 405 1600 τοῦ
423 1536 485 1618 τὴν
503 1533 609 1620 ἀρχὴν
628 1526 851 1620 ἀποθεμένου,
869 1537 907 1600 τὸ
925 1538 1038 1619 τρίτον
1056 1536 1140 1600 ύπα-

124 1665 180 1718 τος
202 1639 257 1706 καὶ
281 1644 344 1705 σὺν
367 1641 456 1727 αὐτῷ
485 1644 580 1718 Τίτος
600 1641 804 1725 Οὐεργίνιος.
847 1636 940 1706 οὗτοι
964 1643 1141 1727 διαλαχόν-

124 1757 177 1823 τες
203 1747 260 1822 τδις
288 1746 445 1829 δυνάμεις
471 1744 608 1832 ἐξῄεσαν
637 1750 685 1823 είς
712 1748 772 1830 τὴν
795 1748 977 1831 ὕπαιθρον·
1011 1747 1141 1832 Φάβιος

86 1835 197 1948 Ξ-μὲν
210 1854 370 1928 Αἰκανοῖς
392 1853 589 1936 πολεμήσων
613 1855 859 1938 προνομεύουσι
882 1857 960 1929 τοὺς
982 1858 1140 1919 Λατίνων
1168 1834 1171 1842 ¹

65 1983 68 1990 ·
125 1957 261 2043 ἀγρούς,
286 1958 482 2042 Οὐεργίνιος
505 1955 541 2024 δὲ
567 1959 798 2036 Ούιεντανοίς..
825 1957 967 2025 Αἰκανοὶ
990 1957 1051 2044 μὲν
1076 1956 1140 2026 οὖν

97 2088 98 2091 ’
118 2055 239 2148 ’ἐπειδὴ
264 2067 405 2149 στρατὸν
425 2064 645 2149 ἐλευσόμενον
664 2062 713 2131 ἐπ’
734 2066 856 2143 αὐτοὺς
874 2069 1036 2151 ἔγνωσαν,
1059 2067 1140 2132 ἀνα-

127 2172 262 2247 στάντες
290 2169 325 2236 ἐκ
352 2180 410 2254 τῆς
433 2175 591 2256 πολεμίας
614 2173 669 2237 διδ
693 2162 812 2258 τάχους
826 2172 988 2258 1ἀπῆλθον
1012 2175 1059 2250 είς
1073 2176 1141 2251 τὰς

126 2275 253 2343 ἑαυτῶν
269 2280 392 2366 πόλεις·
411 2277 466 2344 καί
484 2279 564 2361 μετὰ
583 2287 685 2344 ταῦτα
704 2278 966 2363 λεηλατουμένης
983 2289 1040 2364 τῆς
1059 2296 1140 2364 σφε-

84 2402 110 2442 ιο
123 2381 301 2467 τέραςχης
323 2384 507 2470 ἠνείχοντο,
531 2385 613 2449 ὥστε
632 2390 765 2450 πολλῶν
783 2393 942 2468 κρατῆσαι
961 2386 1204 2471 χρημάτων177ε

61 2552 62 2555 ,
123 2490 183 2554 τὸν
212 2488 340 2555 ύπατον
369 2487 425 2554 καὶ
455 2491 615 2574 σωμάτων
644 2489 700 2556 καὶ
729 2500 786 2578 τῆς
804 2492 957 2576 Ᾰ<άλλης>
986 2496 1075 2570 λείας
1103 2492 1138 2573 ἐξ

125 2593 260 2679 ἐφόδου.
308 2594 504 2662 Οὐιεντανοί
525 2593 570 2661 δὲ
597 2593 666 2663 κατ’
692 2597 793 2683 ἀρχάς
816 2596 909 2674 ἐντὸς
931 2600 1060 2683 τείχους
1082 2598 1138 2682 μές

124 2725 250 2785 νοντες,
266 2700 381 2784 ἐπειδὴ
396 2705 546 2788 καιρὸν”
529 2726 614 2789 εχειν
629 2703 748 2781 ἔδοξαν
761 2702 960 2788 ἐπιτήδειον,
979 2703 1138 2771 ἐπέθεντο

89 2819 193 2957 3τοῖς
219 2807 390 2891 πολεμίοις
416 2807 669 2893 ἐσκεδασμένοις
695 2808 760 2874 άνδι
786 2810 826 2875 τδι
852 2812 950 2879 πεδία
977 2809 1139 2895 καὶπρὸς

82 2968 109 3007 ,5
89 2893 277 2998 3διρπαχην
299 2913 538 2998 τετραμμένοις
564 2924 622 2999 της
649 2919 746 2992 λείας.
792 2918 922 3001 ἔχοντες
950 2912 987 2981 δὲ
1010 2919 1139 3001 πολλὴν

55 3050 56 3053 “
123 3018 178 3085 καὶ
209 3019 476 3105 συντεταγμένην
506 3022 650 3105 δύναμιν
680 3020 903 3118 ἐμβάλλουσιν
930 3025 978 3100 είς
1004 3023 1138 3106 αὐτούς,

195 3178 346 3246 3σημείας
365 3177 387 3230 0
406 3195 475 3232 corr.
496 3178 617 3246 Sylburg
676 3183 709 3230 10
728 3158 825 3247 ὄχλους
845 3182 867 3234 Ο
888 3196 957 3233 corr.
978 3179 1151 3248 Schwegler'

122 3247 189 3304 hist
207 3265 275 3317 rom.
297 3248 367 3317 llp
382 3254 434 3303 466
498 3255 532 3303 20
551 3248 675 3329 <ἠ>νείχ
677 3268 741 3302 οντο
760 3249 807 3302 Bb
875 3258 909 3305 21
929 3249 978 3304 καλ
995 3257 1045 3318 τῆς
1063 3253 1140 3313 λείας

123 3318 146 3371 Ο
165 3318 214 3372 ιιαλ
232 3323 335 3387 πολλῆς
353 3321 428 3382 λείας
447 3319 522 3388 Cmg
545 3321 574 3373 et
593 3318 695 3374 Christ'
674 3318 747 3373 uani
766 3319 869 3402 versio,
893 3321 942 3376 καί
960 3320 1045 3390 ἄλλης
1063 3319 1141 3384 λείας

122 3387 339 3513 ZSixlltenis
266 3389 326 3443 Em.
346 3389 428 3445 Dion
447 3391 512 3445 123
533 3391 602 3443 duce
621 3389 750 3458 Reiskio,
770 3390 820 3460 qui
837 3391 900 3461 ipse
918 3392 968 3446 καλ
985 3398 1038 3463 τῆς
1054 3391 1140 3462 ἄλλης

140 3476 198 3520 εας
217 3459 339 3514 conIecit
