2424 3848
499 166 685 217 -Θ..·

75 324 166 405 πεζοὶ
184 330 292 415 πεζοῖς
311 326 482 412 ἐμάχοντο,
500 323 557 390 καὶ
573 329 677 402 πολὺς
696 325 728 403 ἐξ
748 324 945 409 ἀμφοτέρων
962 324 1087 407 ἐγίνετο

76 437 189 518 φόνος.
237 434 271 496 οί
296 429 357 516 μὲν
386 428 448 498 οὖν
475 435 512 498 τὸ
540 431 651 510 δεξιὸν
678 434 809 518 ἔχοντες
835 443 902 497 τῶν
919 429 1098 514 ῬωμαίωνΙ
1159 466 1161 470 =

30 538 189 623 ισσκέρας,
218 534 259 604 οὗ
288 539 348 621 τὴν
374 539 555 623 ’ἡγεμονίαν
579 534 668 624 εἶχεν
691 539 709 605 ό
732 538 842 623 ἕτερος
864 548 932 602 τῶν
954 538 1088 604 ὑπάτων

73 645 244 728 Μάλλιος,
272 642 414 721 ἐξέωσαν
441 646 478 709 τὸ
506 641 584 709 ’καθ’
611 641 750 720 ἑαυτοὺς
772 642 885 729 μέρος,
912 642 967 709 καὶ
989 669 1087 709 κατα-

73 751 192 836 βάντες
219 749 282 813 άπὸ
310 758 376 812 τῶν
404 749 514 812 ἵππων
541 746 703 842 ἐμάχοντο
730 751 828 826 πεζοί.
875 749 910 812 οί
931 744 960 812 δ’
984 748 1087 838 ἐντῷ
1115 769 1129 809 ε

74 856 237 941 εὐωνύμῳ
261 854 372 938 κέρατι
394 853 571 941 ταχθέντες
593 853 658 919 ὑπὸ
683 863 745 943 τοῦ
768 852 879 931 δεξιοῦ
902 865 970 919 τῶν
992 860 1088 920 πολε-
1150 856 1152 860 ’

74 965 162 1046 μίων
190 954 399 1026 ἐκυκλοῦντο.
445 956 487 1044 ἦν
515 961 621 1045 γάρὴ
650 964 833 1045 Τυρρηνῶν
855 960 983 1044 φάλαγξ
1006 963 1129 1028 κατάῖ

74 1077 173 1133 τοῦτο
202 1069 239 1132 τὸ
267 1070 390 1153 χωρίον
416 1067 599 1151 ὑπερπετής
622 1089 656 1130 τε
680 1063 735 1131 καὶ
759 1066 821 1131 οὐκ
844 1066 944 1154 όλίγφ
968 1071 1087 1150 μείζων

73 1182 132 1257 τῆς
150 1171 269 1256 ἑτέρας.
297 1173 547 1256 παρερρήγνυτο
567 1173 608 1255 δὴ
626 1172 728 1256 ταύτη
746 1169 1086 1256 τὸῬωμαικὸνστρά-

74 1302 178 1362 τευμα
205 1276 260 1343 καὶ
282 1279 405 1354 πολλάς
427 1279 554 1360 πληγάς
576 1262 770 1362 ἐλάμβανεν
815 1277 927 1360 ἡγεῖτο
951 1273 988 1342 δέ
1010 1280 1086 1344 τού·
1100 1297 1126 1336 10

74 1407 135 1450 του
157 1383 260 1468 κέρως
283 1387 424 1460 Κόιντος
448 1384 586 1468 Φάβιος,
607 1384 811 1468 πρεσβευτὴς
832 1381 888 1448 καὶ
910 1382 1086 1468 ἀντιστρά-

35 1558 39 1563 ,
75 1515 176 1575 τηγος
198 1493 257 1574 ὥν,
280 1491 298 1556 ὁ
323 1488 374 1567 δὶς
395 1490 593 1566 ὑπατεύσας·
617 1488 672 1555 καὶ
695 1489 789 1575 μέχρι
812 1495 939 1556 πολλοῦ
958 1489 1087 1574 άντείχε
1141 1529 1144 1535 -
1175 1555 1178 1562 ,

74 1597 244 1681 τραύματα
267 1597 446 1681 λαμβάνων
467 1597 673 1679 παντοδαπά,
696 1598 806 1661 ἔπειτα
829 1600 931 1682 λόγχη
950 1594 1089 1681 βληθεὶς

74 1705 123 1780 είς
156 1704 196 1767 τὰ
229 1707 347 1787 στέρνα
380 1702 474 1789 μέχρι
506 1714 573 1768 τῶν
605 1702 803 1788 σπλάγχνων
837 1702 1001 1786 ἐλθούσης
1031 1710 1088 1786 τῆς

75 1811 194 1893 αίχμης
216 1808 346 1892 ἔξαιμος
368 1812 546 1892 γενόμενος
566 1812 685 1873 πίπτει.
723 1808 767 1885 ὡς
785 1804 823 1873 δὲ
840 1805 929 1874 τοῦτ’
946 1787 1127 1900 ἤκουσενῇ

75 1916 93 1982 ὁ
117 1914 227 2000 ἕτερος
248 1925 315 1978 τῶν
338 1914 483 1996 ὑπάτων,
507 1913 647 2041 Μάρκος
671 1913 858 1998 Φάβιος-
879 1909 923 1997 ἦν
946 1909 983 1978 δὲ
1005 1915 1087 1978 κατά

75 2018 179 2104 μέσην
194 2022 256 2100 τὴν
274 2021 428 2105 φάλαγγα
442 2017 697 2150 τεταγμέενος
712 2022 790 2096 τοὺς
807 2022 1002 2105 κρατίστους
1020 2030 1087 2083 τῶν

69 2128 185 2210 λόχων
203 2126 380 2210 ἀναλαβὼν
398 2124 453 2191 καὶ
470 2128 530 2191 τὸν
549 2125 661 2210 ἕτερον
674 2137 743 2190 τῶν
756 2124 911 2208 ἀδελφῶν
926 2126 1085 2188 Καίσωνα

30 2232 206 2317 οτΦάβιον
229 2231 523 2315 ἀνακαλεσάμενος,
545 2233 791 2316 παρηλαυνεν[
779 2227 858 2311 [ἐπὶ]
878 2226 980 2312 την
963 2240 1083 2294 εαυτοῦ

75 2339 228 2424 φάλαγγα
255 2336 311 2404 καὶ
338 2336 432 2424 μέχρι
454 2343 581 2404 πολλοῦ
602 2337 795 2423 προελθών,
823 2335 936 2416 ἐπειδὴ
959 2336 1125 2417 παρηλ-ιο

75 2445 173 2523 λαξεν
190 2447 227 2510 τὸ
247 2443 357 2522 δεξιὸν
375 2454 442 2508 τῶν
460 2447 627 2526 πολεμίων
646 2441 754 2527 κέρας,
776 2443 919 2525 ἤλαυνεν
939 2436 992 2504 ἐπὶ
1009 2442 1088 2517 τούς

74 2547 330 2633 κυκλουμένους.
380 2546 531 2631 ἐμπεσὼν
563 2545 593 2610 δ’
619 2546 731 2623 αὐτοῖς
758 2550 866 2630 φόνον
892 2569 926 2610 τε
954 2556 1022 2622 τοῖς
1050 2545 1086 2610 ἐν

75 2653 168 2740 χερσὶ
182 2667 271 2719 ποιεῖ
282 2656 388 2719 πολὺν
402 2650 457 2717 καὶ
471 2655 583 2737 φυγὴν
598 2663 665 2717 τῶν
677 2656 802 2736 πρόσω,
821 2654 880 2716 τόν
894 2649 921 2715 τ’
939 2651 1086 2734 ἀδελφὸν

76 2764 123 2826 έτι
147 2759 329 2844 ἐμπνέοντα
352 2759 547 2842 καταλαβὼν
570 2765 703 2841 αίρεται.
741 2756 864 2832 ἐκεῖνος
884 2755 945 2841 μὲν
964 2751 1027 2822 οὖν
1046 2758 1123 2822 ού4

55 2869 184 2932 ’πολύν
207 2869 254 2930 ἔτι
276 2858 399 2951 χρόνον
424 2863 572 2948 ἐπιβιοὺς
594 2863 811 2947 ἀποθνήσκει·
834 2874 903 2939 τοῖς
926 2859 963 2927 δέ
985 2886 1085 2945 τιμω-
1100 2887 1127 2928 ετ

76 2980 196 3056 ροῦσιν
224 2971 311 3056 αὐτῷ
341 2972 451 3052 θυμὸς
480 2972 528 3034 ἐτι
557 2973 679 3035 πλείων
708 2961 851 3054 παρέστη
882 2967 936 3032 καλ
966 2971 1085 3051 μείζων

147 3195 252 3251 ‘inoff
275 3191 381 3250 εαυτῶν
403 3195 451 3250 Ac
470 3193 541 3251 καθ’
563 3192 679 3260 ἑαυτοὺς
698 3196 816 3261 BOmg
856 3201 885 3246 11
906 3191 1086 3273 πρεσβ<εύ>-

74 3289 123 3338 της
141 3268 165 3320 Β
184 3266 338 3358 πρεσβύτης
356 3268 381 3319 A
454 3275 485 3322 17
505 3268 569 3330 τοὺς
587 3268 651 3322 add
671 3268 693 3320 Β
764 3270 796 3318 19
815 3260 862 3318 ἐπὶ
881 3263 934 3317 del.
955 3261 1086 3317 Gelenius

75 3346 110 3392 20
133 3337 315 3408 παρήλλαξαν
334 3336 357 3391 Ο
376 3354 445 3394 corr
464 3337 531 3392 Port
519 3342 563 3391 tus
641 3345 675 3392 26
699 3337 801 3391 πλείων
820 3331 942 3404 παρέστη
962 3333 1010 3387 καὶ
1029 3336 1087 3403 μεί-

75 3413 129 3476 ζων
148 3411 173 3462 A
191 3411 290 3479 μείζων
309 3407 431 3478 παρέστη
450 3409 519 3478 πρὸς
540 3409 562 3460 Β

129 3508 285 3550 Βιτιοωε]
286 3508 404 3547 Nm.
406 3508 542 3548 nahem.
894 3501 927 3547 19
