2424 3848
527 189 693 238 -Η-
1052 186 1114 250 199

18 356 29 369 ”
102 349 234 431 φθόνος
266 345 396 411 ἐκτῶν
424 345 755 432 συμπολιτευομένων
781 349 903 424 άδικος.
954 344 1024 413 ἀλλ’
1057 347 1149 415 άν-6

101 454 298 539 θρωπίνως,
328 447 354 516 ὦ
380 452 528 538 Μάρκιε,
559 451 700 539 φέρουσι
726 452 781 520 καὶ
808 456 947 539 μετρίως
973 455 1114 532 ἅπαντες

101 561 138 625 οί
154 569 302 644 γενναῖοι
320 559 378 635 τὰς
396 560 580 645 συμφοράς,
598 558 653 624 καὶ
666 563 779 637 πόλεις
792 560 1114 645 μεταλαμβάνουσιν,

100 665 138 731 ἐν
170 657 222 743 αἷς
258 667 449 750 οἰκήσαντες
485 662 590 730 οὐδὲν
625 669 811 750 λυπήσουσι
847 664 906 743 τὰς
941 668 1112 753 πατρίδας·

100 773 211 858 ὥσπερ
239 770 294 837 καὶ
326 773 508 856 Ταρκύνιος
536 771 690 856 έποίησεν
718 772 736 838 ὁ
764 775 969 850 Κολλατῖνος
1002 773 1113 839 ἐπικα-
1139 795 1153 837 ι

99 879 274 963 λούμενος·
300 879 430 959 [ίκανὸν
448 878 485 943 ἓν
503 878 711 964 παράδειγμα
728 877 784 943 καὶ
802 879 956 960 οἰκεῖον]
979 879 1015 956 ὃς
1033 896 1113 946 συν-

98 985 328 1071 ελευθερώσας
351 983 414 1050 άπὸ
437 996 504 1050 τῶν
526 986 701 1071 τυράννων
723 987 801 1063 τοὺς
824 989 971 1070 πολίτας,
1001 989 1112 1052 ἔπειτα

99 1088 295 1175 διαβληθεὶς
321 1092 403 1177 πρὸς
432 1091 554 1168 αὐτοὺς
583 1092 629 1168 ὡς
662 1091 881 1177 συμπράττων
912 1092 1012 1157 πάλιν
1043 1103 1113 1170 τοίς

20 1197 276 1283 1622τυράννοις
299 1197 361 1280 τὴν
383 1196 544 1283 κάθοδον,
567 1195 623 1262 καὶ
646 1199 703 1262 διὰ
718 1207 823 1272 ,τοῦτο
847 1195 1036 1276 ἐξελασθεὶς
1054 1197 1113 1262 αὐ-

96 1305 154 1381 τὸς
176 1302 212 1369 έκ
234 1311 292 1385 τῆς
314 1303 481 1388 πατρίδος,
504 1303 565 1368 οὐκ
584 1302 794 1388 ἐμνησικάκει
812 1306 896 1390 πρὸς
913 1306 991 1380 τοὺς
1015 1301 1109 1387 έκβα-
1124 1326 1151 1366 ιο

96 1412 216 1486 λόντας
238 1408 353 1492 αὐτόν,
377 1404 450 1474 οὐδ’
477 1409 690 1496 ἐπεστράτευε
709 1419 748 1496 τη
771 1413 866 1476 πόλει
889 1413 967 1487 τοὺς
988 1408 1110 1496 τυράν-

95 1539 178 1592 νους
200 1512 417 1599 ἐπαγόμενος,
445 1512 516 1581 οὐδ’
545 1515 649 1581 ἐποίει
671 1518 830 1603 τεκμήρια
851 1525 919 1583 τῶν
942 1517 1110 1600 διαβολῶν

94 1623 136 1687 τά
166 1623 262 1706 ἔργα,
294 1614 366 1686 ἀλλ’
397 1623 444 1697 είς
475 1622 536 1704 τὴν
568 1624 772 1708 μητρόπολιν
802 1621 897 1707 ἡμῶν
924 1625 1109 1689 Λαουίνιον

94 1727 254 1792 ἀπελθὼν
277 1726 346 1792 ἐκεῖ
368 1726 476 1792 πάντα
503 1729 562 1793 τὸν
590 1729 708 1795 λοιπὸν
731 1728 810 1813 ἐβίω
838 1732 962 1815 χρόνον
989 1730 1114 1817 εὔνους,
1134 1811 1143 1820 ἡ,

93 1835 144 1900 ὢν
166 1842 205 1919 τῇ
228 1834 363 1920 πατρίδι
386 1831 441 1897 καὶ
463 1836 569 1919 φίλος.
1123 1857 1150 1898 15

161 1939 198 2004 L.
226 1938 334 2005 Ἔστω
359 1936 388 2002 δ’
412 1934 474 2004 οὖν
493 1939 592 2024 ὅμως,
613 1939 669 2005 καὶ
687 1942 841 2007 δεδόσθω
860 1952 929 2019 τοϊς
950 1942 990 2007 τά
1013 1943 1108 2007 δεινά

92 2052 243 2112 παθοῦσι
270 2046 313 2129 μὴ
342 2047 525 2132 διακρίνειν
552 2037 617 2111 είτε
644 2050 758 2132 φίλιον
781 2054 832 2132 είη
859 2051 897 2114 τὸ
924 2058 1032 2124 κακῶς
1055 2048 1109 2112 δε-

92 2153 215 2238 δρακὸς
237 2147 294 2216 εἴτ’
317 2151 505 2238 άλλόιριον,
527 2150 599 2217 ἀλλ’
630 2159 707 2237 ἴσην
729 2155 813 2239 πρὸς
835 2154 980 2230 ἅπαντας
1002 2153 1107 2238 ὀργὴν

92 2260 195 2343 ἔχειν·
222 2253 320 2322 ἔπειτ’
348 2257 408 2344 οὐχ
437 2258 551 2335 ίκανιὶς
577 2257 788 2346 εἰσπέπραξαι
811 2261 900 2346 παρδ
922 2271 989 2325 τῶν
1011 2258 1107 2344 ὑβρι-

91 2365 224 2430 σάντων
247 2381 283 2430 σε
308 2365 401 2440 δίκας
422 2372 486 2447 γῆν
504 2361 532 2429 τ’
554 2364 665 2430 αὐτῶν
682 2365 745 2448 τὴν
762 2364 901 2452 ἀρίστην
918 2366 1104 2449 πεποιηκὼς
1119 2387 1147 2427 ιο

91 2474 279 2556 μηλόβοτον
301 2467 357 2535 καὶ
382 2471 496 2547 πόλεις
523 2471 799 2557 διαπεπορθηκὼς
821 2473 1040 2556 συμμαχίδας,
1067 2471 1106 2548 ἃς

90 2582 228 2654 πολλοῖς
258 2580 374 2652 πόνοις
405 2574 590 2661 κτησαμένη
622 2575 773 2663 κατέσχε,
809 2574 865 2642 καὶ
896 2578 1008 2662 τρίτον
1039 2577 1103 2661 ἤδη

91 2680 181 2748 ταῦτ’
210 2685 281 2759 έτος
308 2684 355 2759 είς
382 2683 509 2765 πολλὴν
536 2692 604 2749 τῶν
631 2682 822 2765 ἀναγκαίων
849 2683 1105 2758 κατακεκλεικὼς

91 2789 256 2874 <αὐτοὺς>
276 2783 432 2874 ἀπορίαν;
451 2773 608 2855 ἀλλὰκαὶ
626 2792 739 2875 πόρρω
758 2787 1031 2874 ἀνδραποδισμοῦ
1048 2797 1105 2872 τῆς

20 2897 217 2972 ιοιεπόλεως
244 2894 354 2961 αὐτῶν
380 2891 436 2959 καὶ
463 2903 672 2980 κατασκαφῆς
698 2895 759 2978 τὴν
787 2893 1026 2979 ἀγριαίνουσαν
1048 2891 1103 2959 καὶ
1117 2911 1144 2952 ιι

164 3091 178 3139 1
198 3086 296 3150 ἄδικος
314 3086 337 3140 Β
355 3087 460 3148 ἀδίκως
478 3085 504 3139 R
562 3092 578 3139 4
597 3089 715 3141 λυποῦσι
734 3103 756 3141 ο.
775 3085 919 3154 Kie'ssling
981 3091 997 3140 6
1015 3085 1102 3140 verba

92 3154 192 3211 ίκιινδν
213 3155 246 3212 ἓν
269 3155 409 3228 παράδειχ
430 3177 448 3211 α
470 3156 520 3212 καὶ
546 3155 606 3227 (καὶ
628 3173 682 3213 om.
701 3156 735 3221 B)
760 3155 864 3212 οἰκεῖον
889 3159 911 3212 0
940 3155 993 3211 del.
1015 3155 1103 3212 Cobet

78 3227 157 3283 'Van
175 3227 253 3283 Lect.
271 3246 299 3296 p.
314 3234 364 3284 371
382 3233 387 3291 Ι
403 3177 433 3291 δά
450 3229 497 3282 Ba
515 3226 530 3282 ὃ
548 3227 627 3280 ABb
683 3233 698 3281 9
718 3224 879 3294 ἐξελασθεὶς
894 3227 939 3281 Ba
957 3224 1102 3295 ἐξελαθείς

90 3297 116 3350 R
189 3305 222 3352 14
241 3294 390 3372 έβί<ω>Β
450 3305 483 3352 22
503 3297 671 3368 κτησάμενοι
689 3298 824 3369 κατέσχον
843 3316 866 3353 ο.
886 3298 1008 3369 Sylburg
1066 3303 1102 3354 24

89 3369 202 3432 αὐτοὺςΙ
222 3370 286 3425 add.
306 3369 427 3424 Schenkl
449 3369 582 3423 Bursiani
606 3369 778 3425 Litterarum
801 3389 865 3426 ann.
883 3369 960 3427 brev.
981 3389 1009 3440 p.
1029 3376 1063 3426 39
1093 3371 1097 3442 Ι

89 3439 106 3471 *
119 3441 227 3512 πόρρω]
246 3440 311 3510 περὶ
330 3439 353 3495 Ο
371 3438 451 3511 μέχρι
470 3439 571 3496 Reiske
591 3441 698 3496 correxi
