2424 3848
110 188 178 254 374
532 187 700 240 -θ-

111 354 289 435 διήρπασε,
311 350 351 413 τά
374 346 404 412 6'
433 347 595 433 ἐλεύθερα
616 349 767 434 σώματα,
790 349 897 415 ὁπόσα
918 351 964 434 μῆ
988 351 1008 416 6
1030 355 1129 418 πόλε-

111 481 173 542 μος
191 458 280 540 ἔφθη
298 453 560 540 διειργασμένος,
579 452 632 520 ἐπὶ
650 457 689 520 τὸ
707 458 968 540 λαφυροπώλιον
982 455 1127 544 ἀπήχθη.

112 562 310 647 ἐλήφθησαν
331 558 370 627 66
392 559 447 626 καὶ
469 570 548 645 νῆες
568 572 639 626 τῶν
654 559 835 626 Ἀντιατῶν
857 568 963 628 είκοσι
985 563 1042 630 καὶ
1066 566 1128 630 660

76 667 234 754 6μακραὶ
255 667 311 734 καλ
334 670 419 734 άλλα
440 679 527 734 νεῶν
549 668 635 732 ὅπλα
656 690 691 732 τε
713 665 769 732 καὶ
792 674 1008 751 παρασκευαί.
1048 672 1176 755 μετὰιεύ

82 786 215 842 σταῦτα
240 775 457 851 κελεύσαντος
483 783 546 838 τοῦ
571 773 701 839 ὑπάτου
727 773 786 850 τάς
811 771 840 839 τ’
867 776 974 852 οίκίας
997 775 1129 862 ἐνεπίμ-

110 898 242 968 πρασαν
270 883 306 947 oc
324 878 478 966 Ῥωμαῖοι
501 878 557 945 καλ
578 883 659 957 τοὺς
679 883 882 958 νεωσοίκους
903 880 1128 948 κατέσκαπτον

110 987 166 1054 καὶ
192 991 230 1054 τὸ
257 999 364 1075 τεῖχος
389 988 528 1073 ῆρειπον
551 984 588 1050 ἐκ
609 990 788 1070 θεμελίων·
817 987 902 1052 ὥστε
924 985 1002 1072 μηδ’
1030 987 1128 1055 άπελ-

110 1098 246 1160 θόντων
277 1104 374 1180 σφῶν
405 1095 550 1179 χρηστὸν
581 1094 630 1156 ἔτι
660 1102 731 1168 τοῖς
755 1088 941 1170 Ἀντιάταις
972 1089 1060 1160 εἶναι
1092 1097 1127 1160 τὸ

112 1202 288 1288 φρούριον.
333 1200 436 1265 ταῦτά
462 1222 497 1264 τε
524 1200 567 1282 δὴ
594 1197 744 1285 ἐπράχθη
771 1197 873 1284 χωρὶς
896 1197 1039 1289 ἑκατέρῳ
1062 1213 1129 1267 τῶν

73 1325 100 1364 1⁰
112 1308 264 1392 ὑπάτων,
289 1304 346 1373 καὶ
373 1304 573 1392 ἀμφοτέροις
599 1307 647 1369 ἐτι
673 1306 770 1389 κοινῆ
799 1309 952 1391 στρατεία
978 1317 1050 1384 τοῖς
1072 1307 1128 1373 άν-

113 1415 235 1499 δράσιν
263 1412 315 1479 ἐπὶ
337 1415 400 1498 τῆν
422 1416 582 1497 Σαβίνων
609 1419 688 1496 γῆν,
717 1410 761 1494 ἣν
788 1412 978 1498 δῃώσαντες
1000 1412 1129 1498 άπῆγον

28 1575 31 1579 .
113 1518 164 1586 ἐπ’
187 1527 283 1587 οἴκου
305 1520 366 1603 τῆν
389 1519 544 1603 δύναμιν,
566 1516 622 1583 καὶ
645 1517 664 1582 6
684 1516 834 1595 ἐνιαυτὸς
852 1513 950 1596 οὗτος
968 1518 1128 1586 ἐτελεύτα.

179 1626 283 1691 LVII.
316 1629 369 1712 Τῷ
394 1621 424 1689 6'
447 1622 520 1707 ἑξῆς
542 1626 607 1688 ἔτει
625 1623 774 1707 (Τίτου)
793 1626 955 1689 Κοιντίου
975 1629 1128 1692 Καπετω-

112 1736 209 1799 λίνου
240 1728 297 1796 καὶ
324 1733 471 1796 Κοίντου
499 1732 702 1815 Σερουιλίων
728 1733 881 1816 Πρίσκου
912 1731 976 1814 τῆν
1002 1731 1133 1798 ύπατον

73 1854 99 1895 1⁵
113 1838 219 1926 ἀρχὴν
250 1839 505 1922 παρειληφότων
537 1837 559 1919 ῆ
590 1833 621 1901 τ’
655 1838 760 1903 οἰκεία
791 1837 933 1921 δύναμις
958 1834 1127 1923 Ῥωμαίων

113 1947 223 2010 άπασα
251 1940 288 2008 ἐν
314 1953 383 2020 τοῖς
410 1943 525 2021 ὅπλοις
551 1938 611 2028 ἦν,
636 1940 693 2008 καὶ
720 1944 761 2007 τά
783 1945 971 2029 συμμαχικὰ
995 1942 1127 2011 ἑκούσια

112 2059 233 2137 παρῆν,
255 2047 336 2132 πρὶν
358 2048 604 2135 ἐπαγγελθῆναι
623 2049 737 2126 αύτοίς
755 2053 938 2136 στρατείαν.
973 2048 1030 2116 καὶ
1049 2053 1176 2136 μετά1901

112 2153 201 2223 τοῦτ’
229 2156 327 2242 εὐχάς
353 2180 388 2222 τε
415 2157 633 2241 ποιησάμενοι
661 2166 730 2232 τοῖς
755 2161 850 2232 θεοῖς
876 2156 953 2222 oc
931 2178 1053 2223 υπατοι
1075 2154 1126 2222 καὶ

78 2266 321 2434 2καθήραντες
347 2266 406 2330 τὸν
435 2265 576 2347 στρατὸν
604 2259 741 2348 ἐξῄεσαν
764 2260 819 2327 ἐπὶ
841 2264 920 2340 τούς
940 2268 1124 2349 πολεμίους.

73 2346 258 2460 ΞΣαβίνοι
280 2366 343 2453 μὲν
365 2365 443 2454 οὖν,
471 2364 524 2455 ἐφ’
551 2368 609 2445 οὓς
632 2369 650 2435 6
674 2371 871 2454 Σερουίλιος
891 2370 1033 2454 ῆλασεν,
1057 2367 1122 2436 οὔτ’

114 2479 162 2552 είς
184 2476 292 2561 μάχην
314 2475 517 2560 κατέστησαν
541 2472 612 2541 οὔτ’
635 2474 779 2558 ἐξῆλθον
801 2476 849 2552 εἰς
867 2475 928 2558 τῆν
945 2476 1124 2564 ὕπαιθρον

114 2580 270 2667 μένοντες
294 2579 324 2647 6’
347 2581 384 2648 ἐν
405 2594 477 2659 τοῖς
499 2581 714 2668 φρουρίοις’
696 2585 869 2666 ηνείχοντο
892 2591 952 2666 γῆς
970 2579 998 2647 τ’
1017 2583 1125 2658 αὐτοῖς

112 2685 315 2774 τεμνομένης
348 2687 404 2754 καὶ
434 2690 549 2754 οἰκιῶν
579 2686 858 2774 ἐμπιμπραμένων
886 2691 1069 2773 θεραπείας
1096 2685 1120 2752 τ’

115 2795 378 2880 αὐτομολούσης·
408 2796 491 2860 ὥστε
518 2795 600 2860 κατὰ
622 2795 751 2878 πολλὴν
773 2791 944 2860 εὐπέτειαν
968 2793 1125 2860 ἀπελθεῖν

74 2928 100 2973 ει
115 2901 151 2967 ἐκ
173 2910 230 2986 τῆς
252 2903 361 2988 χώρας
384 2901 494 2968 αὐτῶν
516 2903 594 2978 τοὺς
612 2898 793 2985 Ῥωμαίους
816 2900 991 2985 ὠφελείαις
1013 2925 1049 2967 τε
1071 2905 1126 2986 βα-

187 3097 262 3148 1θε
281 3093 467 3219 ασώματα-
487 3090 566 3163 έφθη
586 3094 675 3219 ὃιειργ
699 3109 753 3148 om.
772 3093 819 3146 Ba
836 3093 901 3148 add.
920 3093 1023 3163 Bbmg
1110 3099 1125 3147 3

114 3165 170 3292 ν<ῆ
173 3165 224 3239 >ες
243 3115 373 3219 1365
357 3160 553 3233 όένέιιρασαν
573 3165 617 3218 Ba
635 3160 891 3237 ἐνε<πίμ>ιιρασαν
909 3163 958 3218 Bb
1028 3158 1126 3220 θένα-

113 3236 201 3307 τέρων
220 3235 267 3289 Bb
293 3239 297 3304 Ι
322 3236 366 3362 δη)
378 3234 580 3306 διεπράχθηῦ
689 3241 723 3290 10
742 3243 856 3305 στρατιᾶ
838 3234 898 3290 αΟ
919 3251 988 3290 corr
1009 3235 1126 3304 Sylburg

116 3258 160 3363 ¹30
171 3310 254 3362 Τίτου
274 3323 320 3361 om
386 3307 450 3364 add
467 3307 589 3377 Sylburg
609 3309 613 3375 Ι
636 3307 817 3361 Καπετωλίου
837 3306 859 3361 Ο
879 3321 949 3361 corr
964 3306 1042 3361 idem
1096 3311 1125 3360 1⁷

115 3378 248 3448 στρατιάν
267 3376 290 3431 O
310 3394 379 3435 corr.
398 3377 520 3447 Sylburg
603 3383 637 3432 21
656 3377 708 3447 τῆν
727 3393 780 3431 om.
799 3377 825 3430 A
909 3382 944 3432 23
964 3373 1126 3449 ἐκτεμνομέ-

115 3467 166 3517 νης
185 3447 207 3503 Ο
226 3446 398 3519 τεμνομένης
417 3448 506 3505 Cobet
525 3448 591 3504 Obs.
605 3465 633 3517 p
651 3454 701 3504 184
829 3496 834 3506 .
