2424 3848
96 167 143 233 40
488 172 686 266 7²-

99 335 222 417 μανίαν
249 326 277 396 τ’
305 327 491 416 ἀπέφαινον
519 329 622 396 αὐτοῦ
647 331 709 414 τὴν
732 331 942 414 συμβουλήν,
968 328 1011 395 ού
1032 352 1119 417 παρ-

99 440 220 524 ρησίαν
253 432 333 503 ούδέ
365 435 569 522 ἐλευθερίαν.
620 437 726 522 βραχὺ
759 431 820 519 μέν
853 430 915 502 οὖν
946 423 1045 503 τούτο
1077 439 1118 503 τὸ

99 542 198 630 μέρος
219 540 274 609 καὶ
298 539 438 620 ἀσθενές
461 543 501 608 όν
519 548 733 628 περιεωθεῖτο
756 542 821 608 ὑπὸ
839 550 900 607 τοῦ
918 540 1120 629 βιαιοτέρου.

64 656 204 720 3ταύτα
228 645 258 716 δ’
281 650 424 735 ὁρῶντες
445 649 481 714 οί
502 649 677 735 δήμαρχοι·
704 655 857 733 παρῆσαν
880 649 944 734 γάρ
966 657 1012 739 τῷ
1037 665 1120 714 συν-

73 759 201 846 εεδρίῳ
228 753 497 842 παρακληθέντες
518 755 585 821 ὑπὸ
608 765 675 820 τῶν
698 754 845 820 ὑπάτων·
873 753 982 837 ἐβόων
1004 777 1039 820 τε
1062 752 1120 821 καὶ

99 867 264 949 ἤσπαιρον
292 860 347 927 καλ
374 864 433 927 τὸν
455 860 613 946 Μάρκιον
639 865 792 945 λυμεῶνα
813 857 868 926 καὶ
892 862 1037 946 ὄλεθρον
1059 870 1120 946 τῆς

98 974 226 1046 πόλεως
249 969 437 1035 ἀπεκάλουν
459 970 628 1053 πονηροὺς
647 965 810 1046 διεξιόντα
828 968 910 1033 κατὰ
928 976 988 1033 τοῦ
1007 967 1119 1051 δύμον

100 1080 231 1160 λόγους,
253 1074 308 1141 καὶ
331 1078 363 1141 εί
384 1075 428 1158 μὴ
452 1074 637 1139 κωλύσειαν
660 1073 763 1140 αὐτὸν
785 1073 822 1139 οί
835 1075 1002 1158 πατρίκιοι
1019 1075 1120 1139 πόλε-

100 1207 164 1268 μον
188 1181 351 1267 ἐμφύλιον
373 1183 420 1258 είς
442 1181 503 1264 τὴν
525 1183 624 1246 πόλιν
648 1178 824 1262 εἰσάγοντα
841 1179 978 1268 θανάτῳ
999 1179 1120 1263 ζημιώ-

60 1261 217 1377 ,ξσαντες
239 1288 260 1372 ἣ
282 1295 385 1373 φυγῇ,
408 1284 503 1352 αὐτοὶ
521 1287 673 1369 ποιήσειν
691 1281 780 1351 τοῦτ’
803 1287 928 1368 ἔλεγον.
962 1285 1187 1373 θορύβουιῖῖῖῖ

100 1393 130 1460 δ’
157 1397 206 1460 ἔτι
233 1397 386 1469 πλείονος
413 1391 466 1458 ἐπὶ
493 1404 563 1468 τοῖς
590 1395 702 1475 λόγοις
728 1401 796 1457 τῶν
820 1391 999 1478 δημάρχων
1021 1413 1119 1474 γενο-

100 1500 216 1585 μένου,
238 1498 293 1565 καὶ
316 1494 445 1583 μάλιστ’
468 1495 504 1562 ἐκ
525 1509 593 1563 τῶν
615 1496 788 1584 νεωτέρων
807 1498 864 1576 τάς
882 1496 1017 1574 ἀπειλάς
1036 1499 1119 1564 δυσ-

78 1607 372 1691 ανασχετούντων
403 1601 561 1689 ἐπαρθείς
587 1605 717 1680 τούτοις
744 1604 762 1670 ὁ
789 1603 943 1689 Μάρκιος
970 1602 1118 1670 αὐθαδέ-

102 1730 221 1798 στερον
243 1713 308 1796 ἤδη
331 1713 517 1794 καθάπτετο
535 1720 603 1775 τῶν
622 1712 800 1797 δημαρχων
818 1708 873 1776 καλ
891 1710 1119 1798 θρασύτερον·

61 1839 86 1881 1⁵
100 1821 145 1884 Εί
166 1818 210 1902 μὴ
229 1818 398 1883 παύσεσθε
417 1814 542 1900 μέντοι,
564 1814 683 1900 λέγων,
705 1817 920 1902 ταράττοντες
937 1817 998 1900 τὴν
1017 1819 1120 1884 πόλιν

99 1925 195 2009 ὑμεῖς
217 1921 273 1988 καὶ
292 1922 604 2006 ἐκδημαγωγοῦντες
622 1925 700 2005 τοὺς
718 1921 875 2008 ἀπόρους,
899 1920 1009 1988 ούκέτι
1028 1926 1120 2014 λόγω

101 2033 270 2115 διοίσομαι
292 2032 375 2116 πρὸς
397 2030 497 2113 ὑμᾶς,
520 2025 594 2093 ἀλλ’
615 2031 711 2119 ἔργῳ.

166 2136 285 2202 XXVI.
316 2133 540 2221 Ἠγριωμένης
563 2131 600 2200 δέ
623 2144 681 2219 τῆς
702 2139 841 2221 βουλῆς,
864 2136 909 2212 ὡς
932 2137 1061 2220 ἔμαθον
1087 2136 1123 2202 ολ

101 2245 265 2328 δήμαρχοι
291 2245 426 2318 πλείους
453 2243 551 2318 όυτας
576 2242 655 2318 τοὺς
682 2239 907 2325 βουλομένους
932 2240 1121 2327 ἀφελέσθαι

60 2371 87 2411 ιο
100 2339 176 2432 τὴν
193 2349 354 2413 δοθεῖσαν
383 2346 538 2426 ἐξουσίαν
567 2357 612 2436 τῷ
643 2348 737 2436 δημςο
766 2359 833 2413 τῶν
863 2345 1016 2432 ἐμμένειν
1045 2362 1121 2430 ταῖς

101 2455 293 2540 ὁμολογίαις
315 2453 510 2538 ἀξιούντων,
534 2452 714 2540 ἐξέδραμον
737 2452 855 2522 ἐκτοῦ
876 2458 1120 2543 βουλευτηρίου

100 2563 296 2646 κεκραγότες
317 2559 372 2626 καὶ
395 2562 498 2638 θεοὺς
515 2562 594 2637 τοὺς
611 2560 745 2646 ὁρκίους
763 2558 1025 2645 ἐπικαλούμενοι.
1062 2563 1120 2630 καλ

101 2669 182 2754 μετά
200 2676 298 2734 τοῦτο
318 2670 563 2750 συναγαγόντες
581 2669 630 2744 είς
648 2665 823 2751 ἐκκλησίαν
841 2669 901 2734 τὸν
921 2670 1028 2753 δῆμον
1042 2668 1120 2756 ἐδή-

101 2779 213 2841 λωσαν
240 2774 329 2862 αὐτῷ
357 2776 436 2850 τοὺς
462 2773 499 2839 ἐν
526 2783 565 2859 τῇ
593 2777 698 2858 βουλῇ
722 2771 887 2859 ῥηθέντας
909 2777 1030 2858 λόγους
1052 2776 1120 2843 ὑπὸ

62 2900 88 2942 ει
101 2890 161 2947 τοῦ
184 2884 358 2965 Μαρκίου,
385 2878 441 2945 καὶ
467 2882 527 2947 τὸν
554 2882 660 2966 ἀνδρα
687 2882 736 2957 είς
758 2879 942 2962 ἀπολογίαν
965 2879 1120 2949 ἐκάλουν.

65 2989 148 3064 θὼς
176 2984 206 3053 δ’
234 2988 275 3053 ού
301 2998 477 3075 προσεῖχεν
504 2987 632 3070 αὐτοῖς,
659 2986 742 3052 ἀλλά
765 2985 820 3052 καὶ
843 2988 921 3064 τοὺς
943 2986 1120 3074 ὑπηρέτας,

101 3090 159 3178 ὑφ’
189 3087 236 3159 ὧν
264 3093 427 3177 ε’καλεῖτο,
454 3095 705 3178 προπηλακίζων
732 3103 801 3168 τοῖς
823 3095 935 3175 λόγοις
958 3092 1121 3182 ἀνεῖρξεν,

175 3291 190 3337 2
211 3281 262 3339 οίν
277 3301 362 3354 supra
375 3283 424 3338 lin.
440 3285 504 3340 add.
520 3301 537 3338 a
550 3301 624 3338 man.
639 3284 732 3354 priore
747 3284 769 3336 B
822 3291 838 3340 3
858 3281 902 3358 δν]
919 3285 967 3340 καλ
983 3287 1004 3339 Β
1022 3289 1026 3356 Ι
1041 3306 1120 3357 περι-

102 3355 251 3410 ωθεῖτοΒ
324 3361 357 3409 12
381 3354 540 3426 μάλισταΟ
614 3361 647 3410 16
671 3357 943 3427 δημαγωγούντεςΒ
1018 3363 1052 3412 22
1072 3353 1121 3413 ἐκ·

102 3426 273 3497 καλούμενοι
291 3425 314 3480 0
333 3428 445 3495 ριεεῖοτ
462 3427 486 3480 Β

88 3534 217 3616 Α
