2424 3848
552 171 718 224 ..Θ-

131 333 258 419 ἀγοράν
285 333 503 416 ποιησάμεναι
529 334 646 415 κοινὴν
669 335 876 415 κατηγόρουν
900 342 960 398 τοῦ
985 333 1145 399 Οὐιεντα-

129 451 199 505 νῶν
222 441 356 523 ἔθνους,
378 434 430 504 ὅτι
452 441 511 504 τὸν
534 440 616 523 πρὸς
632 436 811 522 Ῥωμαίους
833 441 979 523 πόλεμον
1003 438 1044 504 ού
1063 443 1145 524 μετὰ

130 554 244 628 κοινῆς
266 546 399 629 γνώμης
418 546 651 628 κατελύσαντο,
673 542 729 609 καί
748 545 842 609 δυεῖν
859 544 1003 631 θάτερον
1023 545 1146 623 αὐτοὺς

130 651 246 736 ἠξίουν
268 651 435 738 πράττειν,
458 649 478 733 ἣ
502 652 595 717 λύειν
617 652 657 715 τὰ
680 653 762 735 πρὸς
778 648 958 735 Ῥωμαίους
981 651 1210 736 ὁμολογη-ιιυῖ

94 740 234 853 ξθέντα
262 756 282 840 ἣ
309 762 466 842 πολεμεῖν
494 761 588 843 σφίσι
616 754 685 841 μετ’
713 756 858 823 ἐκείνων.
904 758 940 822 οί
965 754 1001 822 δὲ
1027 758 1146 824 Ούιεν-

131 862 225 930 τανοί
248 871 306 947 τῆς
328 859 389 947 μὲν
413 865 546 948 εἰρήνης
568 865 629 948 την
652 862 800 947 ἀνάγκην
820 859 978 949 ,η’τιῶντο,
997 864 1087 941 ὅπως
1111 862 1143 929 θ’

124 970 174 1035 ,ἀν
197 971 306 1054 αὐτὴν
323 971 563 1036 καταλύσαιντο
587 968 756 1056 εὐπρεπῶς
780 968 832 1047 εἰς’
849 972 966 1035 κοινὸν
990 968 1146 1036 ἐτίθεσαν

133 1088 278 1143 σκοπεῖν.
323 1077 433 1142 ἔπειτα
455 1076 654 1141 ὑποτίθεταί
673 1099 723 1153 τις
744 1075 857 1153 αὐτοῖς
881 1078 1027 1160 ἔγκλημα
1051 1097 1146 1162 ποιη-

132 1182 287 1267 σαμένοις
318 1185 378 1248 τὸν
408 1180 630 1267 ἐπιτειχισμὸν
659 1191 717 1265 τῆς
745 1179 917 1267 Κρεμέρας
947 1180 1003 1247 καὶ
1032 1185 1070 1248 τὸ
1101 1184 1145 1267 μὴ

93 1325 118 1364 10
132 1288 378 1356 ἀπανίστασθαι
410 1291 488 1365 τοὺς
519 1291 688 1373 φρουροὺς
722 1285 775 1353 ἀπ’
809 1288 925 1372 αὐτῆς,
961 1292 1051 1377 λόγῳ
1084 1286 1146 1373 μὲν

132 1406 264 1479 πρῶτον
288 1394 403 1473 ἀξιοῦν
426 1393 547 1470 αὐτοὺς
570 1392 716 1459 ἐκλιπεῖν
739 1396 776 1459 τὸ
799 1398 934 1479 χωρίον,
957 1394 1015 1459 ἐὰν
1039 1391 1078 1459 δέ
1101 1397 1146 1480 μὴ

132 1504 290 1584 πείθωσι,
317 1505 507 1589 πολιορκεῖν
534 1501 571 1564 τὸ
598 1499 779 1584 φρούριον,
806 1496 861 1563 καὶ
887 1499 1011 1581 ταύτην
1039 1499 1146 1586 ἀρχὴν

96 1610 336 1691 4ποιησασθαι
358 1615 419 1670 τοῦ
440 1603 597 1689 πολέμου.
632 1614 735 1670 ταῦτα
759 1603 960 1689 συνθέμενοι
984 1605 1146 1690 ἀπηλλάτ-

133 1736 230 1778 τοντο
254 1710 290 1776 ἐκ
312 1721 372 1777 τοῦ
396 1714 575 1795 συλλόγου
599 1710 655 1776 καί
677 1707 745 1795 μετ’
773 1711 814 1777 οὐ
836 1714 922 1778 πολὺ
948 1711 1146 1778 Οὐιεντανοὶ

94 1851 119 1892 15
133 1815 195 1903 μὲν
213 1818 464 1895 ἀποστείλαντες
481 1821 661 1905 πρεσβείαν
679 1818 723 1894 ὡς
741 1820 819 1895 τοὺς
834 1821 982 1903 Φαβίους
996 1816 1146 1905 ἀπῄτουν

132 1922 210 2010 παρ’
236 1924 345 1990 αὐτῶν
375 1927 413 1990 τὸ
443 1925 624 2010 φρούριον,
659 1926 827 2010 Τυρρηνία
857 1920 895 1988 δέ
920 1933 1010 1989 πᾶσα
1037 1919 1081 2007 ην
1109 1924 1146 1990 ἐν

132 2042 202 2108 τοῖς
230 2031 353 2107 ὅπλοις.
398 2040 500 2096 ταῦτα
518 2028 670 2113 Ῥωμαῖοι
687 2032 896 2114 ἀἰσθόμενοι
921 2034 1060 2114 Φαβίων
1088 2032 1147 2096 αύ-

132 2148 201 2214 τοῖς
228 2136 482 2203 ἐπιστειλάντων
505 2140 654 2220 ἔγνωσαν
677 2133 883 2221 ἀμφοτέρους
907 2135 1147 2221 ἐκπορεύεσθαι

133 2247 211 2321 τοὺς
232 2243 378 2320 ὑπάτους
401 2241 454 2307 ἐπὶ
476 2245 535 2308 τὸν
558 2245 714 2327 πόλεμον,
737 2245 795 2307 τόν
818 2238 847 2306 τ’
869 2241 933 2306 ἀπὸ
959 2244 1148 2329 Τυρρηνίας

94 2383 121 2422 20
135 2349 339 2434 ἐπαγόμενον
363 2353 457 2434 σφίσι
479 2347 534 2414 καὶ
557 2352 616 2414 τὸν
640 2350 687 2415 ἐτι
708 2351 792 2434 πρὸς
812 2348 1047 2439 Οὐολούσκους
1067 2366 1148 2415 συν-

98 2463 266 2528 5εστῶτα.
302 2453 450 2541 Ὁράτιος
472 2452 533 2540 μὲν
557 2450 619 2521 οὖν
642 2456 733 2538 άγων
757 2455 818 2520 δύο
842 2454 989 2538 τάγματα
1006 2454 1063 2520 καί
1083 2455 1210 2522 &mma

134 2573 200 2629 τῶν
227 2564 338 2628 ἀλλων
366 2562 546 2647 συμμάχων
573 2564 652 2638 τοὺς
680 2562 814 2637 ἱκανοὺς
845 2560 979 2645 ἐξήγαγε
1002 2563 1065 2645 τὴν
1090 2563 1148 2626 θύ-

135 2693 236 2753 ναμιν
259 2665 312 2733 ἐπὶ
332 2667 574 2744 Οὐολούσκους.
610 2670 782 2751 Μενήνιος
805 2662 843 2731 δέ
866 2666 1030 2750 τοσαύτην
1049 2683 1148 2751 στρα-

134 2776 208 2841 τιάν
232 2771 348 2859 ἑτέραν
365 2774 456 2857 άγων
476 2771 528 2838 ἐπὶ
552 2775 745 2860 Τυρρηνοὺς
764 2774 876 2856 ἔμελλε
895 2778 1067 2838 ποιεῖσθαι
1086 2776 1147 2858 την

95 2911 122 2954 25
137 2880 262 2960 ἔξοδον.
300 2878 631 2967 παρασκευαζομένου
651 2877 680 2944 θ’
704 2878 808 2944 αὐτοῦ
826 2875 880 2944 καί
898 2881 1070 2964 τρίβοντος
1088 2882 1148 2946 τὸν

208 3097 222 3144 1
241 3089 415 3161 κατηγόρουν
434 3087 569 3159 scriptum
588 3103 673 3158 supra
692 3085 796 3150 ἐθνονς
812 3087 838 3140 Α
899 3093 931 3140 11
951 3106 972 3140 π
991 3095 1063 3142 ῶτον
1082 3089 1147 3144 add.

133 3161 157 3215 B
241 3167 273 3215 16
295 3163 361 3232 post
379 3161 516 3232 φρούριον
534 3158 565 3213 in
582 3158 605 3211 B
624 3159 711 3213 verba
729 3159 778 3212 καί
795 3157 900 3226 ταύτην
919 3108 1010 3228 ἀρχάν
1028 3158 1149 3227 ποιήσα-

135 3235 205 3286 σθαι
224 3249 239 3286 e
258 3249 340 3287 versu
360 3238 392 3287 12
415 3231 567 3299 iterantur,
592 3230 642 3284 sed
661 3229 756 3284 deleta
775 3231 841 3283 sunt
857 3235 934 3282 πᾶσα
949 3229 1001 3302 sslf!
1017 3223 1054 3299 ἦν
1073 3224 1105 3285 ἐν
1123 3230 1149 3283 Α

135 3349 171 3480 ην
186 3372 239 3411 om.
254 3355 303 3411 BC
322 3351 358 3425 ἦν
372 3356 424 3412 Cm
515 3360 548 3410 18
567 3352 791 3408 ἀποστειλάντων
811 3351 862 3406 ΑΒ
881 3353 1107 3409 ἀποστειλάντων
1127 3354 1148 3410 0

151 3425 349 3482 πιστειλάντων
368 3425 434 3482 Reis
456 3443 470 3481 e
545 3432 577 3479 19
596 3423 760 3498 ιτ<ύλε>μον
778 3424 801 3477 Β

65 3600 178 3628 Δ
