2424 3848
537 175 696 246 -.Ζ-

109 331 161 398 καλ
183 335 301 419 λόνχαι
328 334 527 420 βραχύτεραι
554 344 622 399 τῶν
643 338 799 420 μετρίων·
827 346 897 412 τοῖς
924 330 955 400 δ’
977 334 1120 424 όνδρύσι

107 437 159 504 καὶ
181 439 289 524 κρύνη
316 440 437 526 χάλκεα
466 444 584 527 λόφοις
610 439 782 526 ἐπισήμοις
808 441 1035 527 κεκοσμημένα
1064 443 1120 510 καλ

12 548 246 632 488πτεροῑς.
290 546 401 631 ἡγεῖτο
430 543 467 612 δέ
490 545 566 613 καθ’
595 546 733 614 ἕκαστον
760 550 863 634 χορὸν
890 540 937 625 είς
964 549 1059 637 ἀνήρ,
1083 548 1120 628 ὃς

104 651 257 718 ἐνεδίδου
274 663 345 731 τοῖς
362 654 475 732 ἄλλοις
493 655 533 719 τὰ
551 662 608 738 τῆς
622 654 787 739 ὀρχήσεως
807 658 967 741 σχήματα,
988 668 1119 742 πρῶτος

103 761 292 846 εἰδοφορῶν
321 760 379 836 τὰς
406 761 584 845 πολεμικὰς
612 758 668 826 καλ
697 764 879 838 συντόνους
906 764 1051 846 κινήσεις
1080 763 1116 829 ἐν
1144 791 1157 832 τ

103 877 170 944 τοῖς
193 861 526 954 προκελευσματικοῖς
547 867 591 944 ὡς
613 868 653 932 τδι
675 869 781 934 πολλὰ
807 868 958 955 ῥυθμοῖς.
999 867 1149 954 Ἕλλη-7

103 974 197 1039 νικδν
221 970 252 1038 δ’
273 975 338 1060 όίρα
360 971 416 1039 καὶ
437 971 526 1040 τούτῗ
549 969 592 1058 ήν
615 973 652 1039 ἐν
674 986 743 1051 τοῖς
766 974 855 1040 πάνυ
877 978 1019 1043 παλαιὸν
1046 976 1117 1042 ἐπι-

102 1081 259 1164 τήδευμα,
288 1079 439 1158 ἐνόπλιος
462 1082 596 1166 ὄρχησις
618 1081 639 1164 ἡ
661 1080 847 1167 καλουμένη
870 1086 1025 1168 πυρρίχη,
1053 1080 1112 1150 εἴτ’

100 1183 243 1272 Ἀθηνᾶς
269 1188 400 1274 πρώτης
427 1186 480 1253 ἐπὶ
508 1188 657 1253 Τιτάνων
685 1188 860 1276 ἀφανισμῷ
885 1191 1038 1275 χορεύειν
1060 1188 1116 1255 καὶ

97 1293 276 1379 ’ὀρχεῖσθαι
298 1297 362 1359 σὺν
384 1304 454 1371 τοῖς
477 1294 590 1372 ὅπλοις
611 1293 779 1361 τάπινίκια
804 1295 869 1361 ὑπὸ
891 1304 994 1382 χαρᾶς
1016 1295 1114 1382 ἀρξα-
1130 1325 1156 1364 10

101 1398 215 1485 μένης,
242 1405 307 1465 εἴτε
329 1402 527 1483 παλαίτερον
550 1402 597 1465 ἐτι
620 1403 804 1487 Κουρήτων
827 1401 932 1486 αὐτήν
954 1419 1114 1487 καταστη-

101 1504 264 1592 σαμένωυ,
288 1507 340 1572 ὅτε
358 1509 417 1572 τὸν
436 1511 504 1573 Δία
522 1509 760 1592 τιθηνούμενοι
779 1505 914 1591 θέλγειν
933 1507 1113 1593 ἐβούλοντο

12 1607 212 1700 ῑὸύκτύπφ
235 1636 269 1679 τε
289 1613 401 1679 ὅπλων
419 1613 473 1679 καὶ
497 1616 625 1698 κινήσει
648 1619 756 1698 μελῶν
781 1614 938 1704 ἐνρύθμῳ
961 1616 1112 1703 καθάπερ

101 1718 117 1784 δ
144 1725 256 1804 μῦθος
283 1721 358 1804 ἔχει.
409 1722 508 1805 δηλοῖ
534 1717 570 1785 δέ
596 1719 652 1786 καὶ
678 1723 798 1788 τούτου
827 1723 888 1806 τήν
915 1721 1147 1809 ἄρχαιότηταὸ

100 1825 142 1901 ὡς
165 1823 345 1910 ἐπιχωρίου
367 1837 435 1903 τοῖς
454 1824 612 1911 Ἕλλησιν
630 1824 775 1912 Ὅμηρος
801 1833 948 1914 πολλαχῇ
972 1825 1035 1913 μέν
1058 1828 1112 1895 καί
1128 1857 1152 1897 ιε

100 1931 198 2017 ἄλλη,
226 1931 367 2016 μάλιστα
394 1929 424 1996 δ’
453 1931 490 1998 ἐν
519 1931 657 2010 ἀσπίδος
682 1942 883 2020 κατασκευῇ,
909 1935 952 2018 ήν
971 1933 1117 2020 Ἀχιλλεῖ

101 2038 320 2124 δωρήσασθαί
351 2056 454 2123 φησιν
486 2036 683 2124 Ἥφαιστον.
738 2038 945 2124 ὑποθέμενος
978 2041 1041 2127 χδρ
1076 2041 1113 2107 ἐν

101 2144 178 2230 αὐτῇ
204 2144 267 2210 δύο
290 2147 402 2221 πόλεις
423 2146 484 2229 τήν
503 2141 564 2230 μὲν
587 2146 701 2232 είρήνή
725 2145 968 2231 κοσμουμένην,
990 2148 1052 2231 τήν
1076 2144 1113 2213 δέ

98 2249 231 2339 πολέμφ
259 2257 535 2335 κακοπαθοῦσαν,
570 2251 606 2317 ἐν
637 2245 659 2338 ᾗ
692 2253 752 2336 τήν
784 2251 907 2336 ἀμείνω
934 2257 1112 2339 καθίστησι

99 2359 204 2444 τύχην
220 2353 335 2444 ἑορτὰς
351 2368 457 2423 ποιῶν
475 2355 531 2422 καὶ
549 2358 674 2443 νόμους
692 2357 747 2424 καὶ
761 2363 883 2436 θαλίας
896 2360 1005 2447 ὥσπερ
1025 2364 1113 2439 είκὸς
1127 2389 1151 2428 ιο

97 2463 148 2530 καὶ
174 2473 278 2530 ταῦτα
302 2462 401 2547 λέχει·

162 2589 293 2674 Κοῢροι
317 2585 346 2653 δ’
374 2587 573 2676 ὀρχηστῆρες
595 2589 738 2656 ἐδίνεον·
762 2589 799 2656 ἐν
824 2589 854 2656 δ’
881 2593 946 2676 όίρα
968 2603 1075 2656 τοῖσιν

161 2692 271 2760 Αύλολ
294 2694 474 2781 φόρμιγγές
497 2719 531 2761 τε
554 2697 638 2781 βοήν
661 2700 750 2783 ἐχον·
775 2699 813 2762 αί
834 2694 872 2762 δέ
895 2705 1049 2780 γυναῖκες

154 2799 342 2885 Ἶστύμεναι
363 2801 536 2885 θαύμαζον
560 2799 613 2868 ἐπὶ
635 2804 860 2889 προθύροισιν
884 2801 1010 2886 ἑκάστη.

164 2982 182 3028 2
201 2979 308 3045 χαλκᾶθ
380 2982 397 3030 3
416 2978 518 3045 χωρίον
537 2976 589 3030 ΑΒ
608 2995 676 3033 corr.
697 2977 817 3047 Sylburg
893 2983 911 3031 4
929 2977 1065 3031 ἀνεδίδου
1085 2976 1108 3031 0

81 3061 161 3103 corr.
187 3045 309 3116 sylburg
342 3050 346 3110 λ
381 3045 529 3117 σχήματα.
549 3057 657 3119 πρῶτος
674 3049 699 3101 Α
723 3048 861 3118 σχήματα·
887 3048 901 3102 ὁ
925 3046 976 3118 μὲν
999 3057 1109 3117 πρῶτος

81 3117 251 3187 εἰδοφορῶν
274 3135 298 3172 ο.
320 3116 466 3187 Kiessling
555 3119 828 3189 6προκελεύσμασιν
851 3118 902 3173 ΑΒ
998 3127 1031 3173 10
1050 3126 1109 3182 τοῖς

81 3189 156 3245 add.
182 3187 231 3243 Bc
327 3196 359 3244 12
382 3190 637 3260 τνθηνούμενονΑ
733 3199 765 3245 13
790 3190 838 3245 καὶ
866 3189 985 3257 κινήσει·
1016 3195 1108 3260 μελῶν

79 3279 223 3367 τἥκοιμι
235 3294 262 3348 A
274 3299 365 3364 maan
383 3290 414 3349 ιι
429 3292 528 3367 ρισμι
542 3297 565 3350 Β
580 3291 712 3369 ειριομῳ
725 3296 869 3367 Kiessling
938 3303 969 3351 ιτ
981 3295 1108 3367 Ἡφριι-

82 3367 180 3442 στ>ον
199 3349 252 3419 Bb·
337 3373 370 3421 19
394 3369 516 3437 καθίστη
534 3368 587 3422 AB
611 3385 679 3422 corr.
705 3367 827 3437 Sylburg
917 3376 951 3423 20
970 3368 1057 3438 τύχην
1071 3399 1107 3408 -

83 3437 165 3508 λέγει
184 3437 272 3492 verba
290 3454 343 3492 om.
365 3437 385 3490 Β
405 3439 469 3494 add.
491 3441 567 3509 Bmg
637 3445 670 3493 21
691 3438 740 3493 καλ
759 3437 814 3495 del.
836 3440 958 3510 Sylbmg

907 3530 943 3584 Β*
