2378 3840
507 183 673 233 ..Η-

75 342 108 410 δ’
143 342 387 427 ἀναστήσαντες
413 345 471 422 τάς
498 344 656 428 δυνάμεις
690 342 838 431 ἀπῄεσαν
869 342 1016 428 ἑκάτεροι
1045 343 1098 410 ἐπὶ

75 451 118 516 τά
153 449 305 536 σφέτερα.
359 452 395 517 οί
422 445 453 516 δ’
485 451 605 517 ὐπατοι
635 452 724 537 παρά
753 447 781 517 τ’
815 451 1010 536 αὐτομόλων
1042 450 1132 517 καὶι3

10 594 23 641 ¹.
76 559 310 644 αἰχμαλώτων,
333 562 368 624 οἳ
387 556 464 644 παρ’
487 559 624 624 αὐτότὸ
648 560 749 641 ἔργον
772 556 974 644 ἀπέδρασαν,
998 555 1097 624 ἀκού-

29 648 35 657 ·
78 682 210 749 σαντες,
234 656 288 730 οἷα
310 663 444 749 κατέσχε
469 666 575 731 λύσσα
594 663 649 729 καὶ
667 665 869 748 θεοβλάβεια
887 666 927 729 τά
945 664 1097 750 πολέμια,

78 772 157 837 οὐτε
182 769 406 837 συνεπέθεντο
430 780 475 859 τῷ
499 765 568 837 κατ’
595 772 697 856 εὐχήν
721 770 857 837 δοθέντι
880 780 984 859 καιρῷ
1007 771 1097 857 τριά-
1125 795 1138 836 ε

75 902 181 944 κοντα
213 880 360 944 σταδίων
389 879 429 943 οὐ
461 884 578 945 πλεῖον
611 877 802 964 ἀπέχοντες,
837 873 906 941 οὐτ’
941 874 1098 956 ἀπιόντας

78 983 235 1069 ἐδίωξαν,
258 979 341 1074 ένῷ
364 988 566 1070 κεκμηκότας
584 982 639 1049 καὶ
662 987 862 1071 τραυματίας
885 980 940 1047 καὶ
964 983 1098 1067 ὀλίγους

10 1090 116 1163 ισσοέκ
135 1097 271 1158 πολλῶν
285 1090 383 1176 <καὶ>
404 1089 566 1169 ἀτάκτους
584 1101 774 1178 χωροῦντας
793 1087 988 1176 ἀκραιφνεῖς
1002 1088 1098 1156 αὐτοὶ

78 1197 136 1265 καὶ
159 1201 223 1265 σὺν
245 1202 358 1287 κόσμῳ
382 1196 538 1283 ἑπόμενοι
568 1199 692 1286 ῥᾳδίως
720 1196 762 1263 ἀν
790 1195 988 1283 διέφθειραν
1015 1212 1098 1263 πασ-

79 1307 167 1371 συδί.
213 1306 375 1383 λύσαντες
398 1301 436 1369 δέ
462 1303 518 1370 καὶ
549 1302 645 1370 αὐτοὶ
674 1307 753 1381 τούς
779 1304 925 1390 χάρακας
947 1292 1137 1405 ἀπήεσανβχ

79 1414 129 1489 είς
155 1412 218 1496 τήν
244 1414 356 1477 πόλιν·
389 1406 447 1476 εἴτ’
482 1410 682 1497 ἀρκούμενοι
713 1419 768 1498 τῷ,
791 1410 880 1496 παρά
911 1418 969 1492 τής
997 1411 1097 1496 τύχης

80 1517 219 1585 δοθέντι
240 1504 374 1606 ἀγαθῷ,
397 1514 455 1583 εἴτ’
479 1517 520 1583 οὐ
538 1520 749 1594 πιστεύοντες
767 1515 940 1606 ἀνασκήτῳ
960 1526 1096 1603 στρατιᾷ

80 1634 120 1711 τῇ
154 1624 311 1712 σφετέρᾳ,
350 1630 415 1689 εἴτε
451 1622 527 1710 περὶ
559 1629 687 1690 πολλοῦ
718 1625 915 1708 ποιούμενοι
946 1626 983 1690 τὸ
1016 1621 1092 1710 μηδ’

80 1733 216 1816 ὀλίγους
242 1742 310 1797 τῶν
339 1729 507 1817 σφετέρων
535 1730 725 1815 ἀποβαλεῖν.
771 1730 968 1818 ἀφικόμενοι
992 1730 1024 1796 δ’
1050 1735 1098 1810 είς

78 1839 142 1921 τήν
170 1841 270 1904 πόλιν
298 1837 335 1904 έν
358 1838 498 1924 αίσχύνη
527 1843 633 1924 πολλή
661 1833 747 1923 ήσαν
771 1840 895 1915 δειλίας
919 1839 1020 1918 δόξαν
1044 1838 1097 1905 ἐπὶ
1112 1865 1136 1905 15

78 1953 126 2031 τῷ
150 1946 237 2034 έργφ
261 1947 453 2030 φερόμενοι·
481 1944 536 2010 καὶ
564 1945 725 2029 οὐδεμίαν
749 1944 865 2023 ἔξοδον
889 1947 936 2010 έτι
960 1948 1097 2030 ποιησά-

79 2073 177 2136 μενοι
196 2049 386 2136 παρέδοσαν
404 2063 474 2136 τοῖς
492 2048 567 2136 μεθ’
591 2049 730 2128 έαυτούς
748 2052 886 2128 ὑπάτοις
903 2053 964 2135 τήν
983 2051 1096 2137 ἀρχήν.

80 2191 86 2197 ·
147 2156 287 2224 LXIIII.
331 2162 383 2246 Τῷ
408 2155 438 2223 δ’
465 2155 538 2242 έξής
560 2156 700 2246 ἐνιαυτῷ
724 2159 824 2237 Γάϊος
846 2155 908 2242 μέν
927 2153 1097 2234 Ἀκύλλιος

78 2262 134 2330 καὶ
159 2267 255 2342 Τίτος
273 2268 421 2349 Σίκκιος,
444 2265 564 2350 ἀνδρες
583 2268 732 2351 ἔμπειροι
750 2262 916 2351 πολέμων,
933 2267 995 2349 τήν
1012 2265 1097 2330 ὐπα-

79 2375 173 2436 τείαν
205 2375 461 2456 παρειλήφεσαν.
510 2371 531 2455 η
562 2368 600 2436 δέ
631 2374 736 2457 βουλή
769 2370 967 2454 προθέντων
995 2375 1097 2456 λόγον
1111 2399 1137 2440 ω

79 2474 158 2564 περὶ
180 2488 241 2544 τοῦ
263 2477 410 2562 πολέμου
428 2489 494 2542 τῶν
513 2477 648 2543 ὑπάτων
666 2490 798 2563 πρῶτον
817 2476 1001 2562 ἐψηφίσατο
1020 2500 1097 2565 πρε-

80 2587 198 2669 σβείαν
219 2582 345 2668 πέμψαι
368 2585 452 2670 πρὸς
464 2582 620 2671 Ἕρνικας
643 2587 847 2669 αἰτήσουσαν
868 2584 913 2660 ὡς
935 2586 1024 2670 παρά
1042 2589 1097 2668 φί-

79 2697 150 2757 λων
178 2714 213 2757 τε
241 2689 296 2756 καὶ
324 2690 519 2757 ἐνσπόνδων
547 2693 641 2768 δίκας
663 2694 839 2776 νομίμους·
868 2690 1004 2773 ήδίκητο
1032 2691 1095 2775 γάρ

9 2798 100 2881 165τὴ
124 2800 221 2874 πόλις
243 2793 300 2863 ὐπ’
326 2797 437 2863 αὐτῶν
460 2799 541 2863 κατά
564 2799 625 2881 τήν
650 2797 875 2863 Οὐολούσκων
898 2819 932 2861 τε
958 2794 1012 2860 καὶ
1035 2798 1097 2860 Αί-

79 2916 193 2971 κανῶν
217 2902 444 2990 ἐπιστρατείαν
467 2908 632 2991 λῃστείαις
660 2926 695 2968 τε
718 2900 774 2969 καὶ
796 2903 1018 2988 καταδρομαῖς
1039 2911 1097 2985 τής
1110 2927 1136 2968 νε

80 3011 269 3097 ὁμορούσης
296 3011 409 3088 αὐτοῖς
436 3018 507 3094 γής·
540 3010 602 3087 ἕως
634 3007 663 3074 δ’
697 3009 739 3074 ἀν
765 3010 824 3086 τάς
850 3005 927 3093 παρ’
959 3007 1096 3074 ἐκείνων

80 3119 228 3203 λάβωσιν
252 3117 452 3203 ἀποκρίσεις,
477 3117 633 3202 στρατιάν
657 3114 740 3200 ὅσην
759 3116 920 3180 δύνανται
938 3118 1095 3198 πλείστην

79 3225 304 3311 καταγράφειν
331 3227 409 3301 τοὺς
437 3223 583 3299 ὑπάτους
610 3220 665 3288 καὶ
692 3224 771 3298 τούς
799 3221 991 3305 συμμάχους
1018 3242 1097 3305 πρε-

152 3459 168 3507 8
188 3454 237 3507 καὶ
257 3450 321 3508 add.
340 3451 443 3506 Reiske
