2378 3840
108 182 174 247 τω
530 184 697 234 -Η-

72 340 312 428 κρατουμένην
330 342 435 429 ὀργήν
453 344 621 429 προάγεις·
641 341 697 408 καὶ
714 338 794 409 οὐδὲ
811 345 890 420 τούς
907 341 1125 428 πεμφθέντας

108 450 174 515 ὑπὸ
197 457 255 533 τής
276 452 401 532 βουλῆς
422 448 575 535 πρέσβεις
597 447 760 535 φέροντάς
782 464 835 514 σοι
857 459 924 514 τῶν
946 471 981 514 τε
1005 448 1124 533 ἐγκλη-

109 555 221 640 μάτων
244 555 364 639 ἄφεσιν
387 551 442 619 καὶ
468 555 618 621 κάθοδον
641 552 696 620 ἐπὶ
721 555 761 619 τά
788 555 894 620 οίκεῖα
922 556 1044 639 φίλους
1067 553 1124 620 καὶ

109 661 260 745 ἀγαθοὺς
278 661 402 746 ἀνδρας
421 659 583 737 ἐλθόντας
601 659 789 746 ἐνετράπης,
812 655 892 725 οὐδὲ
909 663 988 736 τοὺς
1012 661 1125 747 ἱερεῖς,

82 767 169 844 τούς
198 769 235 832 τὸ
265 771 454 832 τελευταῖον
484 769 629 851 ἔπεμψεν
657 766 678 851 ή
706 769 819 851 πόλις,
852 767 923 852 ἱερά
956 765 1125 852 στέμματα

107 881 202 940 θεῶν
232 876 366 958 ἔχοντας
395 871 494 957 <καὶ>
516 876 751 960 προτείνοντας
781 876 953 960 [γηραιοὺς
981 873 1123 960 ἀνδρας]

109 979 194 1046 ἀλλά
216 978 271 1045 καὶ
293 981 432 1056 τούτους
454 977 639 1063 ἀπήλασας,
669 978 905 1056 αὐθάδειςκαὶ
929 981 1127 1057 δεσποτικὰς

76 1087 156 1164 θὼς
177 1085 430 1173 κεκρατημένοις
452 1085 641 1172 ἀποκρίσεις
664 1087 753 1163 δούς.
798 1085 862 1170 ἐγὼ
883 1081 945 1170 μὲν
963 1085 1025 1151 οὐκ
1048 1088 1126 1172 ἔχω,

110 1203 180 1271 πῶς
203 1192 363 1259 ἐπαινέσω
386 1202 487 1258 ταῦτα
509 1192 549 1258 τά
572 1193 697 1278 σκληρὰ
720 1190 775 1258 καὶ
794 1191 964 1278 ὑπέραυχα
983 1189 1039 1257 καὶ
1062 1195 1126 1277 τήν

72 1321 99 1362 ιο
111 1301 243 1385 θνητήν
267 1301 371 1385 φύσιν
395 1299 593 1384 ἐκβεβηκότα
616 1300 818 1384 δικαιώματα
846 1299 956 1385 ὁρῶσα
978 1321 1127 1384 καταφυ-

111 1408 173 1491 γάς
196 1406 379 1493 εὑρημένας
402 1407 525 1471 ἀπασιν
544 1405 736 1492 ἀνθρώποις
758 1403 814 1470 καὶ
836 1407 1058 1491 παραιτήσεις,
1078 1399 1127 1471 ὧν

112 1512 155 1579 ἀν
183 1511 428 1598 ἐξαμαρτάνωσι
455 1511 531 1599 περὶ
558 1512 739 1597 ἀλλήλους,
767 1513 929 1597 ἱκετηρίας
956 1509 1012 1576 καὶ
1035 1513 1186 1588 λιτάςιόκ

115 1616 243 1700 [καὶτὸ
267 1630 469 1703 καταφυγεῖν
494 1616 546 1683 ἐπὶ
568 1621 647 1695 τούς
673 1617 894 1703 ήδικημένονς
919 1618 957 1682 τὸ
986 1616 1128 1685 ἀδικοῦν

113 1726 286 1807 ταπεινόν,
307 1729 399 1789 θεῶν
422 1724 503 1808 ἡμῖν
525 1735 627 1790 ταῦτα
649 1726 689 1790 τά
713 1726 776 1808 ἔθη
799 1722 1126 1808 καταστησαμένων]

74 1850 100 1890 ιε
114 1827 172 1915 ὑφ’
196 1823 243 1894 ὧν
261 1833 453 1915 μαραίνεται
476 1839 565 1895 πάσα
583 1830 666 1916 ὀργή
689 1828 744 1895 καὶ
763 1828 837 1895 ἀντὶ
855 1839 916 1895 τοῦ
938 1839 1049 1914 μισεῖν
1067 1830 1128 1895 τὸν

114 1936 238 2022 ἐχθρὸν
261 1935 356 2001 ἐλεεῖ·
380 1938 458 2013 τοὺς
477 1935 507 2001 δ’
530 1936 695 2023 αὐθαδείᾳ
717 1934 944 2022 χρησαμένους
961 1933 1017 2000 καὶ
1037 1936 1129 2012 λιτάς

116 2044 233 2108 ἱκετῶν
259 2042 475 2128 ὑβρίσαντας,
504 2043 650 2120 ἅπαντας
675 2041 925 2127 νεμεσωμένους
947 2041 1012 2107 ὑπὸ
1035 2047 1128 2107 θεῶν

78 2147 170 2217 4καὶ
194 2151 241 2226 είς
264 2149 437 2234 συμφοράς
454 2147 740 2235 καταστρέφοντας
758 2148 819 2214 οὐκ
837 2149 993 2233 εὐτυχεῖς.
1033 2145 1129 2213 αὐτοὶ

115 2255 179 2341 γάρ
208 2255 250 2337 δή
278 2264 410 2338 πρῶτον
441 2256 476 2322 οἱ
500 2264 601 2320 ταῦτα
628 2254 909 2340 καταστησάμενοι
936 2251 992 2319 καὶ
1023 2274 1129 2340 παρα-

76 2381 102 2420 εο
117 2363 232 2437 δόντες
253 2360 334 2445 ἡμῖν
356 2359 433 2426 θεοὶ
456 2363 690 2446 συγγνώμονες
709 2372 778 2439 τοῖς
797 2359 1026 2447 ἀνθρωπίνοις
1042 2357 1130 2425 είσὶν

117 2467 326 2553 ἁμαρτήμασι
347 2465 403 2532 καὶ
425 2467 670 2552 εὐδιάλλακτοι,
697 2466 751 2533 καὶ
775 2464 893 2534 πολλοὶ
915 2468 979 2552 ήδη
1003 2466 1131 2551 μεγάλα

192 2666 206 2713 1
226 2659 360 2729 προάγεις
374 2659 420 2714 Βο
437 2659 587 2729 προσάγεις
600 2659 677 2714 ABb
733 2666 749 2714 6
768 2657 908 2729 *ἔχοντας
926 2658 1062 2728 γηραιοὺς
1079 2658 1130 2713 ἀν-

120 2734 190 2800 δρας
208 2733 408 2801 προτείνοντας
426 2731 496 2785 ἀλλὰ
514 2731 566 2784 ΑΒ
590 2731 724 2801 γηραιοὺς
747 2730 854 2801 ἄνδρας
873 2727 935 2799 ἱερὰ
954 2747 993 2783 στ.
1014 2727 1132 2799 ἔχοντας

118 2802 167 2856 καὶ
190 2804 390 2873 προτείνοντας
412 2819 435 2856 ο.
461 2801 562 2857 Portus
590 2802 724 2872 γηραιοὺς
752 2802 858 2871 ἀνδρας
885 2799 986 2868 delevi,
1009 2799 1131 2855 fortasse

119 2876 318 2942 προτείνοντας
340 2872 492 2927 delendum
514 2875 558 2927 est
585 2877 590 2941 Ι
619 2874 685 2942 post
707 2871 815 2941 ἀνδρας
837 2870 949 2926 codices
976 2871 1132 2927 deteriores

118 2945 184 3007 τοὺς
201 2948 280 2999 θεῶν
299 2945 453 3017 σεβασμοὺς
472 2939 557 3010 ἐδέξω
575 2944 714 3013 praebent
777 2951 792 2999 9
812 2940 913 2997 αἰνέσω
933 2941 986 2995 ΑΒ
1002 2946 1006 3012 Ι
1022 2941 1058 2996 τὰ
1076 2959 1131 2997 om.

118 3015 172 3067 AB
246 3022 278 3070 12
297 3015 385 3070 verbe
402 3016 517 3069 turbata
531 3016 560 3068 et
573 3014 620 3068 vix
638 3013 729 3068 lenius
749 3031 834 3083 quem
848 3012 889 3067 sic
906 3011 1021 3067 restitui
1034 3029 1131 3081 posset

120 3084 323 3157 surrepserunt
337 3085 421 3154 λιτάς,
442 3083 494 3154 ὑφ’
512 3080 550 3140 ὦν
565 3087 731 3156 μαραίνεται
749 3094 826 3140 πᾶσα
844 3083 912 3155 ὀργή
931 3082 981 3138 καὶ
999 3083 1065 3138 ἀντὶ
1081 3091 1133 3139 τοῦ

121 3164 212 3226 μισεῖν
230 3157 280 3212 τὸν
299 3153 413 3227 ἐχθρόν’
424 3153 500 3212 ἐλεεῖ
512 3157 543 3212 τὸ
563 3158 682 3211 ἀδικοῦν
700 3156 866 3226 καταφογὸν
885 3151 933 3210 ἐπὶ
951 3155 1016 3217 τούς
1033 3154 1132 3224 ἠδικη-

121 3226 222 3296 μένους
241 3228 297 3296 (vel
315 3229 346 3282 τὸ
365 3227 547 3299 ήδικήμενον)
569 3228 613 3299 [τό
631 3227 777 3297 ταπεινὸν]
800 3231 878 3281 θεῶν
903 3225 970 3296 ἡμῖν
989 3233 1079 3280 ταῦτα
1097 3225 1133 3280 τδι

121 3297 176 3367 ἔθη
196 3298 447 3370 καταστησαμένων
466 3317 489 3355 ο.
514 3298 669 3369 Kiessling,
693 3313 745 3366 ego
764 3298 852 3353 verbe
869 3296 918 3351 καὶ
940 3296 972 3351 τὸ
992 3327 1026 3336 -
1045 3316 1133 3351 κατα-

123 3367 301 3438 στησαμένων
320 3370 399 3424 uneis
418 3370 529 3439 inclusi,
549 3386 646 3424 cume
670 3367 797 3438 margine
822 3368 968 3438 irrepsisse
992 3366 1023 3421 in
1045 3367 1135 3422 verba

122 3441 259 3508 appareat
314 3445 347 3493 19
366 3441 606 3511 καταστησάμενοι
623 3441 646 3493 Β
665 3439 910 3510 παραστησάμενοι
928 3439 954 3492 R
