2424 3848
420 139 687 225 ,W-

99 339 162 422 την
188 337 368 419 καταδίκην
391 334 594 420 ἀπαριθμεῖν
617 369 660 379 -
683 334 745 399 οὐκ
767 334 922 420 ἠξίωσεν,
946 335 1033 404 ἀλλὰ
1055 348 1123 407 θα·
1149 415 1153 421 ,

99 444 202 509 νάτου
224 444 286 526 τὴν
309 441 485 527 συμφοράν
507 440 727 525 τιμησάμενος
750 447 836 507 οῖκοι
854 436 967 526 μίυων
985 444 1044 511 καὶ
1064 449 1123 513 ού-

100 547 181 614 δένα
211 546 426 633 προσιέμενος
454 547 520 612 ὑπό
547 543 576 610 τ’
605 545 753 630 ἀθυμίας
779 545 835 612 ’καὶ
862 552 964 615 σίτων
993 551 1122 642 ἀποχῆς

100 652 284 740 μαρανθείς
315 651 436 735 ἀπέστη
468 662 529 717 τοῦ
561 654 647 736 βίου.
696 649 752 716 καί
781 654 821 717 τά
850 651 912 738 μὲν
943 654 981 721 ἐν
1011 660 1120 748 τούτω

71 758 291 846 τπραχθίντα
314 768 359 847 τῷ
384 757 524 846 ἐνιαυτῷ
547 758 659 824 τοιάδε
682 754 735 841 ἦν.

167 865 322 931 XXVIII.
364 869 519 931 Ποπλίου
550 860 588 929 δὲ
619 864 807 951 Οὐαλερίου
835 870 1034 935 Ποπλικόλα
1063 869 1120 936 καὶ

102 975 206 1038 Γαίου
225 974 377 1037 Ναυτίου
400 972 662 1056 παραλαβόντων
685 972 746 1055 τὴν
768 970 875 1057 ἀρχὴν
897 972 1009 1059 ἕτερος
1032 975 1119 1063 ἀνὴρ

101 1080 201 1144 πάλιν
223 1089 291 1144 τῶν
312 1080 495 1161 πατρικίων
513 1077 676 1162 Σερούιος
694 1076 904 1162 Σερουίλιος,
927 1080 946 1145 δ
968 1090 1016 1168 τῷ
1035 1104 1120 1166 παρ-

102 1188 236 1250 ελθόντι
265 1185 451 1260 ὑπατεύσας
478 1184 557 1265 ἐτει,
587 1179 656 1266 μετ’
683 1181 725 1248 ού
751 1186 860 1248 πολὺν
883 1184 904 1268 ἢ
927 1186 990 1268 τὴν
1013 1186 1119 1273 ἀρχὴν

63 1309 88 1348 10
101 1290 292 1357 ἀποθέσθαι
310 1293 434 1375 χρόνον
453 1290 499 1365 είς
516 1291 576 1354 τὸν
593 1284 677 1374 ὑπὲρ
695 1297 753 1372 της
768 1297 877 1374 ψυχῆς
890 1289 1006 1373 ἀγῶνα
1018 1281 1119 1378 ἤχθη.

101 1399 137 1463 ολ
157 1394 194 1462 δὲ
216 1395 399 1482 προθέντες
421 1395 594 1483 αὐτῷτὴν
618 1394 718 1483 ἐντῷ
738 1396 831 1484 δήμῳ
851 1398 949 1481 δίκην
968 1399 1032 1464 δύο
1050 1411 1119 1465 τῶν

100 1504 280 1589 δημάρχων
298 1498 395 1586 ἦσαν,
418 1503 560 1577 Λεύκιος
578 1502 752 1578 Καιδίκιος
769 1499 825 1566 καί
848 1506 946 1580 Τῖτος
964 1505 1119 1590 Στάτιος,

102 1610 164 1675 ούκ
193 1609 408 1691 άδικηματος,
437 1605 520 1671 ἀλλά
547 1607 647 1692 τύχης
673 1606 889 1684 ἀπαιτοῦντες
916 1610 1036 1694 λόγον,
1068 1613 1119 1677 ὅτι

102 1717 183 1780 κατά
212 1715 273 1797 την
302 1715 385 1797 πρὸς
416 1710 609 1799 Τυρρηνοὺς
639 1713 747 1798 μάχην
777 1713 947 1797 ὠσάμενος
976 1714 1031 1781 ἐπὶ
1058 1719 1118 1784 τὸν

21 1808 25 1816 ’
64 1843 89 1882 15
104 1821 230 1905 χάρακα
256 1829 323 1883 τῶν
349 1822 517 1903 πολεμίων
545 1820 563 1885 ὁ
592 1818 677 1905 ἀνὴρ
704 1820 916 1906 θρασύτερον
943 1826 1075 1904 μᾶλλον
1096 1824 1180 1908 ἢιθει

40 1936 43 1942 “
104 1926 373 2011 φρονιμώτερον,
405 1924 550 2010 ἐδιώχθη
582 1948 618 1990 τε
649 1925 714 1990 ὑπὸ
745 1935 813 1990 τῶν
845 1927 945 1991 ἔνδον
979 1926 1119 2014 ἀθρόων

105 2030 351 2110 ἐπεξελθόντων
384 2030 440 2095 καλ
472 2032 533 2114 την
563 2034 741 2115 κρατίστην
772 2035 911 2116 νεότητα
943 2032 1119 2118 ἀπέβαλεν.

67 2136 89 2199 2
104 2133 201 2214 οὗτος
219 2138 237 2205 ’ὁ
256 2137 348 2220 ἀγὼν
366 2137 521 2202 άπάντων
540 2136 644 2223 ἐφάνη
663 2148 733 2214 τοῖς
750 2141 934 2223 πατρικίοις
948 2138 1117 2222 [ἀγώνων]

104 2246 304 2330 βαρύτατος,
335 2244 544 2327 ἠγανάκτουν
576 2266 611 2308 τε
644 2246 815 2320 συνιόντες
842 2246 925 2330 πρὸς
955 2244 1120 2329 ἀλλήλους

64 2374 91 2414 εο
104 2349 160 2417 καὶ
184 2353 297 2416 δεινὸν
315 2349 500 2432 ἐποιοῦντο,
523 2352 555 2414 εί
572 2351 629 2426 τάς
647 2349 821 2434 εὐτολμίας
837 2361 905 2415 τῶν
923 2363 1117 2436 στρατηγῶν

104 2454 160 2522 καί
187 2457 224 2520 τὸ
252 2453 378 2539 μηδένα
404 2456 566 2519 κίνδυνον
593 2454 720 2537 ὀκνεῖν,
750 2453 808 2519 ἐὰν
835 2453 1024 2542 ἐναντιωθῇ
1046 2469 1118 2534 ταῖς

106 2562 275 2646 ἐπιβολαῖς
298 2560 408 2626 αὐτῶν
429 2562 468 2625 τὸ
487 2561 675 2643 δαιμόνιον,
697 2562 744 2637 είς
761 2559 961 2645 κατηγορίαν
978 2561 1117 2642 άξουσιν

108 2670 143 2735 οί
167 2669 211 2753 μὴ
240 2667 374 2744 στάντες
398 2666 489 2751 ’παρὰ
515 2667 556 2730 τά
583 2666 690 2730 δεινά·
721 2667 846 2742 δειλίας
872 2690 907 2731 τε
933 2665 990 2732 καὶ
1015 2670 1116 2735 όκυου

106 2774 244 2840 καὶτοῦ
267 2769 371 2857 μηδὲν
395 2774 443 2837 ἔτι
464 2781 677 2854 καινουργεῖν
695 2774 773 2848 τοὺς
790 2771 965 2856 ἡγεμόνας,
987 2771 1048 2858 ὑφ’
1070 2769 1116 2838 ὧν

179 3008 194 3055 3
215 2995 317 3069 ἐποχῆς
335 2996 357 3051 Ο
377 2999 485 3067 ἀποχῆς
503 2996 624 3066 Sylburg
682 3005 699 3051 4
718 2997 876 3068 μαρανθείς
892 2997 927 3053 cf.
943 2997 1034 3054 Cobet
1052 2998 1116 3054 obs.

106 3091 134 3142 p.
150 3077 201 3127 178
274 3076 290 3124 8
309 3065 435 3140 ἐρουΐνος
452 3067 499 3122 hi0
518 3070 547 3122 et
565 3085 592 3136 p.
608 3073 668 3135 325,
688 3074 722 3123 26
741 3085 791 3136 pro
806 3070 969 3139 Σερουίλιος
987 3070 1010 3123 Β
1083 3076 1115 3124 12

107 3142 156 3198 καί
174 3140 303 3203 δίκιοςΑ
322 3141 428 3201 ,δίκιος
446 3141 467 3193 Β
487 3140 536 3193 καί
554 3136 681 3200 δέκιοςῦ
699 3138 776 3192 idem
795 3142 888 3193 exstat
901 3145 962 3206 325,
977 3146 994 3194 8
1011 3143 1015 3200 Ι
1037 3140 1116 3211 στρά-
1152 3185 1155 3192 .

107 3232 165 3275 τιος
183 3212 233 3268 AC
324 3218 357 3266 16
378 3210 489 3281 ἀθροον
506 3209 586 3264 ABG
608 3208 724 3280 ἀθρόων
742 3208 789 3263 Ba
875 3216 908 3264 18
927 3211 1115 3279 *ἀγώνωνΟ

107 3283 187 3337 uncis
205 3281 309 3338 inclusi
380 3288 415 3335 20
439 3282 466 3337 εἰ
483 3276 514 3335 ἐκ
532 3287 581 3349 τῆς
599 3281 744 3350 εάτολμίας
761 3281 786 3332 A
858 3287 892 3335 22
912 3275 1075 3353 ἐπιβουλαῖς
1092 3283 1116 3335 Α

109 3359 144 3405 24
167 3352 287 3421 σφῶνΟ
310 3350 362 3422 ὑφ’
379 3349 418 3408 ὧν
440 3351 544 3407 Reiske
573 3354 578 3421 Ι
607 3359 686 3421 σφῶν
705 3346 871 3421 ἐλευθερίαν
890 3371 920 3406 τε
939 3352 1116 3408 ἀπόλλυσθαι

109 3421 159 3475 καί
176 3422 328 3494 ἡγεμονίαν
346 3424 538 3479 καταλύεσθαι
555 3423 581 3475 Α
1044 3460 1045 3464 ,

61 3470 157 3616 ἱ
