2424 3848
102 195 166 260 166
524 203 620 252 -Η
659 228 688 238 -

100 357 247 442 ἀγαθόν,
272 358 323 426 ὅτι
346 383 402 443 μοι
425 359 480 425 καὶ
506 364 686 448 πρότερον,
714 361 768 427 ὅτε
794 363 931 447 πολίτης
956 357 1118 447 ὑμέτερος

100 459 143 549 ήν
165 461 221 530 καὶ
242 465 283 529 τά
304 467 401 531 κοινά
424 468 600 552 ἔπραττον,
628 467 665 534 ἐν
687 473 823 546 πολλοῖς
844 465 900 534 καὶ
922 466 1118 551 ἀναγκαίοις

101 569 257 656 ἐγένεσθε
283 583 412 658 καιροῖς
433 574 603 660 χρήσιμοι,
632 574 688 641 καὶ
715 576 796 661 μετά
822 577 884 660 τήν
910 576 1027 660 φυγήν
1054 575 1119 642 οὐκ

100 676 331 763 ἀπεστράφητέ
364 702 404 764 με
440 683 682 766 καταφρονήσει
718 690 776 766 τής
810 685 885 749 τότε
915 682 1034 766 τύχης,
1071 681 1163 760 ῶςυ

71 786 176 851 οούτε
210 788 330 870 φίλους
360 781 399 853 εύ
430 799 539 853 ποιεῖν
571 789 760 874 δυνάμενον
796 790 844 854 ἐτι
873 785 944 857 οὔτ’
970 786 1118 875 ἐχθροὺς

100 901 225 975 κακῶς,
261 891 345 957 ἀλλά
381 890 517 979 χρηστοὶ
552 891 608 959 καὶ
643 891 773 978 βέβαιοι
805 895 988 979 διεμείνατε
1020 899 1119 981 φίλοι

103 1000 226 1084 μητρός
250 1021 284 1063 τε
309 1007 367 1082 τῆς
393 996 472 1084 ἐμῆς
495 1000 675 1085 κηδόμενοι
697 998 753 1064 καὶ
781 1003 940 1084 γυναικὸς
962 999 1020 1067 καὶ
1046 1000 1121 1068 τέκ-

35 1110 37 1115 ’
101 1128 188 1189 νων,
214 1103 270 1170 καὶ
296 1106 354 1182 τάς
381 1107 555 1190 συμφορὰς
578 1105 690 1184 αὐτοῖς
712 1106 919 1194 κουφοτέρας
939 1119 1120 1188 ποιοῦντες

63 1222 170 1290 ητασς
211 1212 312 1289 ἰδίαις
352 1211 560 1297 ἐπιμελείαις.
613 1224 683 1290 τοῖς
724 1209 757 1278 δ’
797 1214 911 1291 ἀλλοις
943 1211 1120 1300 Ῥωμαίοις

60 1349 86 1389 10
99 1316 289 1404 ἀπέχθομαί
312 1315 342 1383 τ’
374 1319 419 1395 ὡς
446 1320 591 1404 δύναμαι
618 1321 760 1404 μάλιστα
787 1318 856 1402 [καὶ
881 1325 1030 1406 πολεμῶ]
1063 1321 1120 1390 καί

100 1422 259 1491 οὐδέποτε
281 1434 388 1509 μισῶν
411 1425 533 1503 αὐτοὺς
554 1426 736 1510 παύσομαι·
764 1427 800 1492 οἵ
819 1450 860 1511 με
883 1425 957 1492 ἀντὶ
980 1431 1140 1496 πολλῶν

99 1529 155 1597 καὶ
173 1537 284 1597 καλῶν
303 1533 422 1615 ἔργων,
440 1529 493 1616 ἐφ’
508 1527 559 1609 οἷς
576 1539 737 1616 τιμᾶσθαι
750 1541 927 1619 προσῆκεν,
945 1534 991 1612 ὡς
1004 1535 1048 1600 τά
1061 1535 1116 1622 μέ-

99 1655 197 1721 γιστα
224 1636 466 1722 ἐξημαρτηκότα
488 1636 564 1723 περὶ
586 1640 623 1704 τὸ
647 1640 763 1705 κοινὸν
786 1641 928 1725 αίσχρῶς
951 1638 1116 1724 ἐξήλασαν

101 1742 137 1807 ἐκ
163 1751 222 1827 τῆς
248 1745 420 1828 πατρίδος,
450 1746 527 1810 ούτε
554 1744 678 1829 μητέρα
705 1743 917 1823 αἰδεσθέντες
943 1746 1006 1829 τήν
1034 1747 1118 1834 ἐμήν

61 1878 88 1920 15
101 1851 178 1915 οὔτε
200 1852 316 1916 παιδία
340 1850 531 1934 ἐλεήσαντες
554 1849 622 1917 οὔτ’
646 1854 727 1918 ἀλλο
745 1852 854 1929 πάθος
870 1852 998 1939 ήμερον
1015 1851 1118 1920 ούδ1ν

66 1954 155 2034 δέπί
184 1969 255 2035 ταῖς
278 1956 370 2042 ἐμαῖς
397 1959 553 2042 λαβόντες
579 1959 701 2042 τύχαις.
747 1961 912 2043 μαθόντες
939 1954 978 2024 δ1
1005 1970 1119 2045 τοῦτο,

101 2067 134 2129 εί
163 2060 224 2149 μ1ν
257 2063 352 2131 αὐτοὶ
384 2061 503 2129 δεῖσθέ
532 2087 592 2131 του
624 2061 700 2149 παρ’
726 2064 837 2149 ήμῶν,
869 2062 979 2149 λέγετε
1006 2065 1119 2152 μηθὲν

102 2172 289 2254 ὀκνοῦντες,
310 2172 355 2248 ῶς
373 2171 516 2248 οὐθενὸς
535 2170 754 2256 ἀτυχήσοντες
770 2183 838 2237 τῶν
857 2173 1023 2258 δυνατῶν,
1041 2173 1120 2259 περὶ

102 2274 139 2343 δ1
167 2282 280 2362 φιλίας
306 2275 362 2343 καὶ
389 2279 594 2361 διαλλαγῶν,
622 2277 660 2354 ἃς
687 2276 820 2355 ἀξιοῶτέ
844 2301 884 2362 με
910 2282 1120 2363 ποιήσασθαι

62 2420 89 2460 20
102 2385 185 2469 πρὸς
202 2386 261 2450 τὸν
281 2386 388 2469 δήμου
407 2382 460 2450 ἐπὶ
479 2396 549 2462 ταῖς
567 2384 676 2450 ἐλπίσι
691 2393 749 2469 τῆς
761 2387 923 2469 καθόδου,
940 2386 1119 2453 παύσασθε

103 2493 340 2576 διαλεγόμενοι.
389 2481 479 2556 πάυυ
510 2491 573 2575 γάρ
606 2491 780 2575 ἀγαπητῶς
811 2490 969 2577 δεξαίμην
997 2491 1042 2558 ἀν
1071 2496 1163 2572 είςΙολ

101 2598 258 2682 τοιαύτην
287 2603 462 2663 κατελθεῖν
491 2601 606 2682 πόλιν,
638 2596 675 2663 ἐν
704 2591 725 2684 ᾗ
755 2598 795 2663 τά
824 2593 885 2682 μ1ν
914 2606 973 2682 τής
1001 2597 1122 2685 ἀρετῆς

102 2700 192 2770 ἆθλα
209 2704 230 2788 ή
250 2707 347 2770 κακία
365 2703 511 2790 φέρεται,
528 2706 587 2782 τὰς
604 2700 642 2770 δ1
659 2715 727 2769 τῶν
745 2705 940 2788 κακούργων
957 2709 1121 2793 τιμωρίας

64 2813 139 2893 4οί
158 2807 263 2897 μηδὲν
285 2810 507 2898 ἡμαρτηκότες
529 2808 764 2895 ὑπομένουσιν.
808 2807 892 2892 ἐπεί,
915 2807 1013 2897 φέρε,
1035 2815 1121 2898 πρὸς

63 2951 89 2993 2⁵
102 2925 194 2984 θεῶν
221 2915 336 2983 είπατέ
360 2941 433 3002 μοι,
459 2920 551 2994 τίνος
577 2915 777 3001 ἀδικήματος
799 2916 887 3003 αίτίηι
908 2917 1032 3000 ταύτης
1055 2917 1120 3002 ἐγὼ

102 3028 301 3111 πεπείραμαι
323 3032 381 3108 τῆς
403 3024 513 3108 τύχης,
535 3023 556 3107 ή
579 3033 677 3090 ποῖον
701 3022 916 3106 ἐπιτηδεύσας
938 3023 1040 3108 ἔργον
1055 3023 1122 3097 ἀν·

103 3132 197 3211 ἀξιον
219 3144 287 3198 τῶν
310 3130 455 3216 ἐμαυτοῦ
477 3133 667 3214 προγόνους
694 3130 829 3216 πρώτην
851 3126 1120 3216 ἐστρατευσάμην

176 3330 323 3390 θπολλοῖς
341 3322 390 3378 καὶ
408 3323 531 3393 ἀγαθοῖς
550 3317 682 3447 ἐγένεσθε
699 3321 726 3375 Α
812 3325 846 3375 10
864 3322 914 3377 καὶ
931 3325 1045 3392 πολεμῶ
1064 3322 1119 3379 del.

104 3395 227 3450 Reudler
245 3398 335 3453 Tiroc.
355 3394 416 3449 erit
435 3412 462 3465 p.
478 3398 512 3483 ρσ
536 3390 712 3462 καὶπολέμου
732 3391 806 3446 Prou
898 3400 930 3449 11
951 3393 985 3448 οἴ
1002 3331 1118 3468 <ε>Β

107 3465 195 3539 14<α
197 3465 319 3541 ί>δεοθέ
319 3484 382 3527 ντες
399 3465 422 3519 Β
439 3474 442 3536 Ι
458 3465 510 3534 τήν
494 3464 593 3520 ν.ο.ι1ι1
611 3462 635 3516 Β
695 3447 836 3518 16οδ
856 3461 892 3532 δή
813 3413 1059 3536 OKiessfmg

179 3566 288 3628 Γὶ
