2424 3848
523 209 690 258 ,Η-

105 369 188 455 αὐτή
218 367 382 453 ἀπήλασε,
410 366 466 432 καλ
495 369 575 452 μετά
602 376 704 433 ταῦτα
730 367 1031 453 πρεσβευσαμένων
1053 356 1126 435 τῶν

107 475 320 542 Οὐιεντανῶν
343 474 421 551 τούς
437 471 466 539 τ’
490 475 718 559 αἰχμαλώτους
739 473 853 551 αὐτοῖς
875 472 1019 540 ἀπέλυσε
1042 498 1126 561 χρή-

106 583 235 667 μάτων,
262 578 319 646 καὶ
341 579 464 665 ἀνοχάς
485 589 545 646 τοῦ
563 578 710 664 πολέμου
734 578 896 646 συνέθετο
919 579 1124 660 ἐνιαυσίους.

108 689 235 772 Φάβιος
259 683 296 752 δέ
318 687 379 769 τὴν
402 684 518 773 ἑτέραν
541 688 686 771 δύναμιν
709 689 795 772 ἔχων
814 689 860 765 είς
879 689 941 772 τήν
960 689 1191 756 Αίκανῶνττοε

80 803 172 879 εγήν
203 791 372 878 ἐνέβαλεν·
409 791 508 859 ἔπειτ’
545 793 675 860 ἐκεύθεν
707 795 755 871 είς
790 794 850 877 τήν
884 794 1125 860 Οὐολούσκων.

72 904 231 987 2χρόνον
254 895 315 985 μέν
338 895 401 966 οὐν
422 924 497 967 τινα
520 900 561 966 οὐ
583 904 692 966 πολύν
714 900 895 987 ήνέσχοντο
919 902 954 966 οί
972 901 1125 967 Οὐολοῦ-

109 1024 183 1072 σκοι
202 1005 472 1093 διαρπαζομένων
490 1004 674 1084 αὐτοῖςκαὶ
691 1006 894 1093 κειρομένων
911 1018 980 1073 τῶν
994 1006 1124 1093 άγρῶνῗ

109 1117 220 1180 ἐπειτα
248 1117 558 1200 καταφρονήσαντες
586 1123 653 1178 τῶν
677 1110 846 1199 Ῥωμαίων
872 1114 918 1192 ὡς
945 1114 985 1179 οὐ
1014 1119 1125 1200 πολλή

109 1222 249 1306 δυνάμει
272 1222 448 1307 παρόντων
467 1217 671 1303 ἐξεβοήθουν
690 1218 726 1284 ἐκ
745 1227 804 1303 τῆς
817 1217 996 1285 Ἀντιατῶν
1014 1222 1127 1307 χώρας

69 1352 96 1392 10
108 1329 149 1393 τδι
168 1326 253 1392 ὅπλα
272 1325 479 1413 ἁρπάσαντες
496 1323 630 1411 ἀθρόοι,
652 1327 813 1412 ταχύτερα
831 1331 958 1410 μᾶλλον
977 1325 997 1410 ή
1017 1326 1127 1413 άσφα-

109 1432 246 1517 λέστερα
276 1432 545 1517 βουλευσάμενοι.
599 1433 631 1496 εί
658 1428 720 1516 μέν
751 1427 814 1498 οὐν
847 1435 1001 1517 ἔφθασαν
1034 1431 1127 1500 ἐσκε-

111 1538 287 1625 δασμένοις
309 1549 379 1615 τοϊς
395 1535 566 1623 Ῥωμαίοις
586 1537 800 1623 ἐπιφανέντες
823 1539 858 1605 ἐκ
878 1549 939 1605 τοῦ
958 1538 1128 1626 άπροσδο-

109 1649 225 1730 κήτου,
248 1645 395 1731 μεγάλην
418 1645 460 1710 άν
484 1646 595 1710 αὐτῶν
617 1646 812 1732 εἰργάσαντο
836 1648 974 1732 τροπήν·
998 1657 1064 1713 νῦν
1089 1645 1128 1714 δέ

111 1755 380 1839 προαισθόμενος
405 1753 468 1835 τήν
495 1753 619 1836 ἔφοδον
646 1753 758 1818 αὐτῶν
785 1753 804 1819 δ
832 1753 956 1829 ὐπατος
979 1754 1035 1819 διὰ
1058 1766 1128 1820 τῶν

73 1883 99 1924 ιι
112 1857 365 1926 ἀποσταλέντων
393 1858 446 1924 ἐπὶ
473 1861 531 1936 τάς
556 1859 779 1944 κατασκοπάς,
808 1858 986 1944 ἀνακλήσει
1013 1865 1129 1950 ταχείᾳ

112 1969 190 2043 τοὺς
208 1964 245 2031 ἐν
258 1976 330 2042 ταῖς
347 1976 531 2051 προνομαῖς
549 1964 809 2050 ἐσκεδασμένους
826 1952 1015 2049 άναλαβῶν,
1031 1967 1129 2046 τάξιν

77 2073 225 2150 3αύτοίς
252 2070 400 2138 ἀπέδωκε
433 2075 495 2157 τήν
522 2075 569 2150 είς
595 2075 741 2156 πόλεμον
769 2071 1007 2158 ἁρμόττουσαν.
1057 2084 1130 2152 τοῖς

113 2178 154 2247 δέ
175 2180 401 2257 Οὐολούσκοις
424 2183 488 2245 σὺν
510 2179 754 2263 καταφρονήσει
776 2176 832 2243 καὶ
854 2165 974 2264 θάρσει
999 2191 1130 2265 χωρού-

114 2306 180 2371 σιν,
204 2289 247 2365 ῶς
270 2289 359 2375 παρδι
382 2285 485 2365 δόξαν
508 2285 613 2372 ἐφάνη
637 2295 828 2351 συνεστῶσα
848 2285 884 2351 ἐν
902 2288 1016 2375 κόσμφ
1039 2295 1131 2352 πᾶσα

75 2395 134 2479 νοή
158 2405 226 2460 τῶν
243 2399 412 2478 πολεμίων
431 2394 583 2477 δύναμις,
607 2391 682 2469 δέος
699 2390 850 2476 ἐμπίπτει
867 2394 951 2477 πρὸς
968 2393 1032 2476 τήν
1049 2391 1131 2459 άδό-

112 2525 214 2587 κήτον
238 2503 334 2584 ὄφιν,
361 2499 416 2565 καὶ
439 2509 499 2566 τοῦ
522 2494 583 2584 μέν
605 2509 722 2565 κοινοῦ
745 2507 803 2582 τής
830 2497 1010 2583 ἀσφαλείας
1033 2499 1131 2564 οὐδε-

114 2613 172 2694 μία
199 2610 352 2694 φροντίς,
378 2615 436 2690 τῆς
462 2603 492 2670 δ’
521 2607 608 2682 ἰδίας
636 2602 760 2694 ἑκάστῳ
782 2608 1198 2691 ’σωτήριάςπρόνοιααίον

113 2713 378 2801 ὑποστρέψαντες
411 2713 453 2796 δή
482 2713 526 2789 ῶς
556 2706 647 2797 είχον
676 2711 806 2777 ἕκαστοι
836 2712 955 2798 τάχους
983 2712 1130 2796 ἔφευγον

114 2825 211 2888 άλλοι
237 2819 307 2886 κατ’
336 2821 437 2896 άλλας
464 2819 577 2895 ὁδούς·
607 2816 662 2883 καὶ
692 2818 727 2883 οί
752 2813 813 2902 μέν
840 2820 974 2894 πλείους
1002 2817 1131 2885 άπεσώ-

75 2951 101 2991 ω
115 2936 227 3014 θήσων
249 2929 297 3004 είς
319 2927 382 3009 τήν
403 2927 514 3008 πόλιν,
537 2924 651 3007 ὀλίγον
675 2921 715 2988 δέ
735 2946 767 2988 τι
791 2932 916 3008 στῖφος,
946 2921 964 2988 δ
988 2925 1131 3007 μάλιστα

114 3031 157 3120 ἦν
180 3031 456 3117 συντεταγμένον,
478 3033 526 3109 είς
549 3033 648 3117 όρονς
666 3030 741 3096 τινά
759 3029 911 3116 κορυφήν
934 3028 1131 3118 άναδραμδν

115 3141 170 3208 καλ
203 3138 351 3225 θέμενον
381 3138 528 3204 ἐνταῦθα
558 3138 598 3202 τά
628 3137 712 3202 ὅπλα
745 3137 806 3221 τήν
837 3129 996 3203 ἐπιοῦσαν
1026 3139 1131 3204 νύκτα

188 3331 418 3407 6<ή>νέσχοντο
437 3331 483 3384 Bb
509 3333 513 3400 Ι
544 3327 695 3385 otadd.B
739 3327 1024 3418 ν,15σκοπδιςΑΒο
1072 3336 1130 3412 Ι19

116 3404 321 3531 χιχιρχήδρξρίνέ
428 3408 461 3457 21
482 3402 600 3471 οὐδεμία
619 3400 715 3456 οὐδενὶ
735 3419 764 3453 ετ
795 3393 831 3468 ἦν
851 3400 966 3508 φροντὶς
985 3416 1007 3455 ο.
1027 3399 1132 3456 Βοιελιθ
