2378 3840
495 193 662 242 -H-
1022 191 1085 254 165

65 351 110 418 ἂν
143 350 264 438 άφίκη,
295 361 472 418 κοινωνεῖν
502 351 653 433 ἐθελήσει
682 368 735 417 σοι
762 363 830 417 τῶν
856 351 1004 436 εὐσεβῶν
1031 349 1087 418 καὶ

66 460 211 524 δικαίων
234 459 366 543 οὐθείς,
388 457 502 535 αὐτοῖς
523 455 551 524 τ’
574 458 634 525 οὐκ
657 461 715 544 ἐση
738 462 856 543 τίμιος,
879 450 929 537 οἷς
951 460 1087 525 εύνοιαν

67 564 324 650 ἐνδεικνύμενος
354 574 457 631 ταῦτα
489 567 587 652 δρᾷς,
618 563 703 630 ἀλλὰ
731 565 988 651 καρπωσάμενοί
1012 589 1087 631 τινα

67 671 206 749 ἕκαστος
242 672 370 737 τούτων
402 670 438 736 ἐκ
474 682 542 736 τῶν
575 677 644 737 σῦν
676 670 891 756 ἀσεβημάτων
923 670 1087 757 ὠφέλειαν

68 779 250 862 μισήσουσι
272 779 334 862 τήν
356 776 542 842 αὐθάδειαν
564 786 625 844 τοῦ
647 781 780 862 τρόπον.
817 776 860 844 ἐῶ
882 780 946 864 γάρ
966 763 1127 878 λέγειν,46

69 884 120 950 ὄτι
144 881 246 971 χωρίς
264 893 325 950 τοῦ
344 887 474 968 μίσους,
496 883 622 968 ὃπαρδι
641 895 707 950 τῶν
726 884 976 950 ἐπιεικεστάτων
995 884 1088 969 ἕξεις,

68 988 126 1056 καὶ
148 992 280 1076 φθόνος
301 989 523 1073 ἀπαντήσεται
544 993 649 1068 πολὺς
668 990 789 1057 ἐκτῶν
809 997 892 1056 ίσων
909 989 964 1055 καὶ
983 994 1089 1076 φόβος

69 1095 107 1162 ἐκ
138 1108 206 1164 τῶν
237 1096 393 1180 ἡσσόνων
424 1095 480 1162 καὶ
512 1093 556 1161 δι’
584 1097 683 1182 άμφω
710 1095 801 1162 ταῦτ’
832 1095 1006 1181 ἐπιβουλαὶ
1032 1094 1089 1162 καὶ

69 1205 154 1270 άλλα
183 1204 290 1269 πολλά
318 1201 374 1268 καλ
402 1204 545 1289 χαλεπά,
576 1203 638 1268 ὅσα
667 1205 754 1281 είκὸς
781 1213 960 1288 συμπεσεῖν
987 1199 1088 1287 άνδρὶ

70 1309 183 1398 ἐρήμφ
205 1313 315 1395 φίλων
337 1308 392 1374 καὶ
415 1307 452 1375 ἐν
475 1308 552 1396 ξένη
575 1311 648 1375 ὄντι
670 1315 722 1395 γή.
767 1311 824 1387 τὰς
846 1311 909 1394 γάρ
933 1309 975 1393 δή
997 1309 1086 1392 παρά
1101 1334 1128 1374 ιο

70 1423 162 1482 θεῶν
184 1438 219 1481 τε
241 1412 298 1480 καὶ
320 1416 491 1500 δαιμόνων
513 1413 778 1500 ἐπιπεμπομένας
798 1427 869 1493 τοῖς
890 1415 1010 1481 ἀνόσια
1032 1413 1089 1480 καὶ

71 1523 166 1588 δεινά
195 1520 473 1608 διαπραξαμένοις
499 1520 633 1609 ἐρινύας
656 1520 715 1607 ἐῶ,
737 1521 794 1608 ὑφ’
818 1518 866 1588 ὧν
889 1524 1089 1607 αἰκιζόμενοι

70 1628 179 1714 ψυχάς
207 1651 243 1693 τε
272 1627 328 1695 καλ
358 1630 492 1714 σώματα
520 1632 643 1706 κακοὺς
672 1626 734 1714 μὲν
762 1631 954 1696 διαντλοῦσι
982 1631 1090 1714 βίους,

10 1736 206 1822 ισθιοίκτράς
228 1732 260 1800 δ’
280 1733 487 1820 ύπομένουσι
509 1736 671 1813 τελευτάς.
707 1733 797 1802 ταῦτ’
821 1733 1038 1821 ἐνθυμηθείς,
1061 1731 1123 1811 ὧ5

69 1842 214 1928 Μάρκιε,
233 1842 425 1926 μετάγνωθι
444 1839 500 1907 καὶ
517 1851 642 1907 παῦσαι
660 1853 871 1927 μνησικακῶν
890 1852 929 1929 τῇ
949 1852 1089 1908 σεαυτοῦ
1103 1867 1129 1910 ιτ

68 1950 219 2033 πατρίδι·
245 1949 349 2033 τύχην
377 1970 412 2013 τε
439 1947 574 2013 πάντων
602 1949 710 2014 αίτίαν
732 1948 940 2034 ἡγησάμενος
963 1942 1010 2014 ὧν
1033 1947 1089 2013 πέ-

69 2062 201 2133 πονθας
232 2057 316 2140 πρὸς
344 2054 440 2138 ήμῶν
472 2053 493 2138 ή
527 2052 688 2139 δέδρακας
719 2055 804 2140 ήμᾶς
830 2064 957 2136 κακῶν,
991 2054 1089 2118 άπιθι

70 2165 197 2248 χαίρων
220 2159 273 2227 ἐπὶ
293 2160 334 2226 τά
355 2161 471 2242 οίκεϊα,
493 2157 550 2225 καὶ
568 2163 703 2245 κόμισαι
721 2162 843 2246 μητρός
860 2184 894 2226 τε
912 2161 1090 2247 περιβολὰς

69 2266 338 2353 προσηνεστάτας
355 2263 411 2331 καὶ
429 2269 586 2350 γυναικὸς
605 2269 666 2348 [τε]
685 2269 937 2353 φιλοφροσύνας
953 2267 1090 2351 ήδίσπας

68 2371 126 2440 καὶ
147 2372 274 2439 τέκνων
299 2372 492 2457 ἀσπασμούς
514 2373 748 2456 γλυκυτάτους,
771 2371 827 2439 καὶ
850 2376 990 2440 σεαυτὸν
1010 2373 1089 2440 άπό-
1102 2399 1130 2441 εο

71 2482 130 2558 δος
149 2479 313 2566 ὀφείλημα
330 2480 508 2546 κάλλιστον
522 2488 562 2564 τῇ
580 2478 758 2568 γειναμένη
774 2497 810 2546 σε
824 2480 880 2546 καὶ
894 2486 1089 2565 τηλικοῦτον

71 2589 180 2673 ἄνδρα
202 2584 449 2672 παιδευσαμένη
472 2588 615 2672 πατρίδι.

139 2693 312 2760 XXVIIII.
346 2696 490 2760 Τοιαῦτα
514 2692 743 2772 διεξελθόντος
759 2702 820 2759 τοῦ
838 2694 1019 2778 Μηνυκίου
1037 2716 1089 2777 μι-

70 2803 156 2886 κρὸν
177 2799 322 2885 ἐπισχὼν
345 2800 364 2865 ὁ
387 2798 541 2885 Μάρκιος
563 2795 646 2865 εἶπε·
683 2797 749 2866 Σοὶ
771 2796 850 2885 μέν,
872 2794 898 2864 ὦ
921 2798 1088 2880 Μηνύκιε,
1111 2819 1113 2823 ”

71 2905 127 2974 καὶ
153 2907 236 2992 ὑμῖν
258 2916 328 2984 τοϊς
350 2907 417 2991 άμα
439 2906 545 2995 τούτῳ
567 2913 771 2992 πεμφθεῖσιν
796 2907 862 2973 ὑπὸ
884 2915 942 2990 τής
963 2908 1088 2988 βουλῆς
1102 2928 1128 2970 οι

71 3017 171 3100 φίλος
209 3010 277 3098 είμί
314 3010 372 3078 καὶ
406 3015 601 3098 πρόθυμος,
640 3018 676 3078 εί
706 3037 739 3080 τι
774 3015 940 3099 δύναμαι,
980 3021 1088 3078 ποιεῖν

144 3246 161 3294 3
181 3237 400 3310 καρπωσάμενος
418 3256 440 3293 ο.
461 3239 551 3294 Cobet
569 3239 635 3295 Obs.
654 3257 681 3308 p.
697 3243 749 3294 160
821 3246 855 3293 14
874 3237 1046 3315 τελε<υ>τάς
1064 3238 1087 3292 Β

73 3318 107 3368 18
125 3310 176 3366 καὶ
194 3309 309 3380 κόμισαι
327 3309 429 3365 adm
486 3315 519 3364 19
537 3309 671 3379 γυναικός
688 3328 718 3364 τε
734 3309 756 3364 Ο
775 3329 805 3365 τε
824 3310 879 3366 del.
893 3310 998 3366 Reiske
1053 3316 1086 3365 21

72 3379 263 3454 γεννησαμένη
281 3380 307 3434 Δ
325 3378 519 3453 γεννησαμένη
537 3381 563 3434 R
580 3378 732 3453 γειναμένη
757 3397 781 3436 ο.
800 3381 890 3437 Cobet
908 3381 973 3437 obs.
992 3401 1020 3453 p.
1037 3387 1088 3436 160

71 3461 106 3510 22
125 3450 322 3524 πεδευσαμένη
340 3453 364 3507 Β
436 3458 471 3509 25
489 3453 556 3522 ύμῖν
574 3458 633 3516 τοῖς
651 3452 744 3516 ἄλλοις
763 3453 785 3508 Ο
803 3456 917 3524 praeter
934 3454 958 3508 Β
