2424 3848
138 165 181 230 36
562 165 724 215 -Ζ-

138 296 375 411 προεστηκότες
396 322 500 390 αὐτοῦ
522 327 692 409 πρόφασιν
715 322 860 410 εὐπρεπῆ
887 326 1156 410 προβαλλόμενοι

139 435 176 498 τὸ
200 432 242 514 δή
265 442 334 508 τοῖς
352 425 584 515 ἀδικουμένοις
606 439 673 495 τών
693 431 846 514 δημοτῶν
864 434 1006 515 βοηθεῖν
1025 430 1080 495 διὰ
1099 437 1159 512 τῆς

140 536 292 617 ἐξουσίας
318 537 438 623 ταύτης
465 537 570 621 ἀγωσι
601 534 656 601 καί
688 534 851 624 φέρωσιν,
884 532 936 601 όσ’
971 534 1013 601 ἀν
1045 536 1167 625 αὐτοῖς,

142 647 239 731 δοκή,
266 641 322 710 καί
349 641 469 728 μηθείς
496 644 514 710 ό
542 643 704 709 κωλύσων
731 644 789 721 τὰς
816 646 1024 727 παρανομίας
1046 642 1159 708 αὐτῶν

113 744 179 838 εῇ,
208 749 281 836 μήτ’
310 750 445 835 ἰδιώτης
473 745 545 834 μήτ’
573 750 684 834 ἀρχων
707 749 866 827 δεδοικώς
892 751 951 814 τὸν
973 751 1094 833 νόμον,
1121 748 1160 828 ὃς

141 858 332 944 ἀφαιρεῖται
350 854 405 921 καὶ
423 858 483 922 τὸν
497 858 601 938 λόγον
613 856 708 940 ἡμῶν
722 857 789 940 ἅμα
803 867 873 934 τοῖς
885 858 996 939 ἔργοις
1008 854 1161 921 θάνατον

142 962 310 1043 ἐπιτιθεὶς
335 966 452 1048 ζημίαν
483 972 553 1039 τοῖς
585 951 767 1048 ἐλευθέραν
798 963 917 1048 φωνήν
949 961 1094 1047 ἀφιεῖσι,
1125 963 1164 1027 τί

44 1115 49 1125 ·
141 1079 308 1158 προσῆκεν
331 1071 438 1152 όνομα
460 1065 586 1133 θέσθαι
604 1076 643 1154 τῇ
663 1069 841 1156 δυναστεία
858 1067 960 1152 ταύτη
978 1069 1056 1144 τοὺς
1073 1076 1162 1133 νοῦν

143 1178 278 1263 ἔχοντας
295 1175 421 1263 ἕτερον,
439 1173 460 1259 ή
479 1171 591 1258 τοῦθ’,
614 1174 694 1260 ὅπερ
713 1162 804 1240 ἐστίν
823 1173 952 1259 ἀληθής
969 1170 1024 1239 καί
1040 1174 1163 1251 πάντες

103 1303 129 1342 1⁰
143 1282 185 1348 ἀν
213 1282 433 1367 ὁμολογήσετε
440 1331 450 1365 ,
476 1281 674 1365 τυραννίδα;
710 1282 742 1344 εί
768 1277 799 1344 δ’
825 1279 886 1364 οὐχ
913 1276 973 1364 ὑφ’
1000 1276 1075 1358 ἑνὸς
1101 1277 1163 1346 ἀν-

143 1392 238 1475 δρός,
266 1385 339 1453 ἀλλ’
369 1384 427 1474 ὑφ’
456 1387 537 1453 όλου
564 1387 822 1472 τυραννούμεθα
850 1387 957 1470 δήμου
964 1435 974 1470 ,
1001 1388 1037 1450 τί
1060 1393 1162 1452 τοῦτο

109 1491 310 1579 3διαφέρει;
338 1495 376 1558 τὸ
404 1493 467 1577 γὰρ
499 1494 598 1576 ἔργον
626 1489 658 1569 ἐξ
683 1489 809 1576 ἀμφοῖν
832 1489 942 1557 ταύτό.
983 1491 1164 1579 κράτιστου

145 1596 205 1684 μὲν
229 1593 292 1665 οὖν
310 1594 354 1683 ἧν
372 1595 455 1682 μηδὲ
473 1599 511 1663 τὸ
530 1593 658 1683 σπέρμα
676 1605 734 1681 τῆς
755 1596 906 1676 ἐξουσίας
927 1597 1048 1682 ταύτης
1066 1596 1164 1664 ἐᾶσαι

144 1706 451 1788 καταβαλλόμενον,
475 1702 558 1768 ἀλλά
580 1703 688 1769 πάντα
710 1703 888 1788 ὑπομεῖναι
909 1706 1090 1789 πρότερον,
1117 1704 1182 1783 ὡς,

105 1809 276 1887 ιε’Ἇππιος
306 1810 325 1876 δ
347 1808 516 1895 βέλτιστος
539 1808 575 1875 ἐκ
597 1815 725 1875 πολλοῦ
747 1810 788 1874 τὰ
811 1810 905 1875 δεινὰ
928 1812 1165 1897 προορώμενος

145 1916 257 2005 ἠξίου,
284 1919 316 1982 εί
343 1913 380 1981 δὲ
403 1919 464 2001 μή,
493 1925 557 1982 νῦν
580 1913 611 2000 γ’
638 1916 857 2001 ὁμοθυμαδὸν
880 1917 1027 1993 ἅπαντας
1049 1914 1165 2003 ἐξορύ-

147 2023 264 2103 ξαντας
286 2023 391 2107 αὐτήν
414 2025 593 2109 πρόρριζον
617 2021 653 2088 ἐκ
673 2031 732 2107 τῆς
756 2025 883 2100 πόλεως
906 2022 1074 2108 ἐκβαλεῖν,
1102 2022 1212 2102 ἕωςιε

110 2130 292 2215 4ἀσθενής
320 2128 389 2194 ἐστι
416 2126 471 2194 καὶ
499 2133 817 2215 προσπολεμηθῆναι
845 2128 951 2216 ῥᾳδία.
988 2126 1043 2194 καί
1070 2127 1162 2196 τοῦτ’

146 2237 187 2303 οὐ
209 2237 352 2322 πρώτοις
375 2235 467 2320 ήμῖυ,
491 2231 517 2300 ώ
540 2238 659 2319 βουλή,
682 2231 761 2301 οὐδὲ
784 2237 900 2318 μόνοις
918 2233 1083 2319 ἐξεγένετο
1102 2258 1166 2302 πα-

105 2363 132 2402 εο
146 2349 236 2427 θεῖν,
258 2346 396 2418 πολλοῖς
415 2337 452 2405 δὲ
470 2339 526 2407 καί
545 2341 704 2418 πολλάκις
721 2342 785 2426 ήδη
804 2351 873 2418 τοῖς
891 2343 938 2418 είς
956 2340 1167 2427 ἀβουλήτους

146 2448 291 2532 ἀνάγκας
311 2455 489 2513 καταστᾶσι
507 2449 641 2532 γνώμης
659 2446 842 2533 ἁμαρτοῦσι
861 2455 918 2531 τής
935 2445 1071 2533 ἀρίστης
1088 2447 1167 2536 περὶ

146 2556 186 2620 τὰ
205 2551 354 2639 μέγιστα,
374 2552 486 2636 ἐπειδὴ
506 2553 563 2630 τὰς
580 2551 682 2639 ἀρχὰς
701 2553 763 2619 οὐκ
781 2551 951 2619 ἐκώλυσαν
969 2564 1030 2620 τοῦ
1048 2565 1167 2640 κακοῦ,

145 2663 204 2739 τὰς
226 2659 380 2745 αὐξήσεις
398 2666 578 2746 πειρᾶσθαι
595 2666 784 2746 καθαιρεῖν·
806 2657 862 2725 καί
882 2660 902 2744 ή
922 2660 1079 2745 μετάνοια
1097 2672 1167 2728 τών

147 2765 210 2849 ὀψὲ
232 2764 429 2854 ἀρχομένων
454 2777 642 2852 σωφρονεῖν
665 2767 771 2854 ήττων
798 2761 884 2832 οὖσα
910 2775 967 2851 τῆς
994 2773 1167 2852 προνοίας,

32 2918 33 2921 =
107 2891 134 2932 25
148 2871 224 2941 καθ’
253 2873 368 2960 ἕτερον
396 2868 439 2939 αὖ
467 2876 593 2959 τρόπον
620 2871 661 2939 οὐ
688 2875 809 2959 χείρων
836 2867 920 2938 οὖσα
948 2873 1168 2959 ἀναφαίνεται

148 2991 187 3068 τῇ
219 2982 362 3047 κωλύσει
399 2990 459 3046 τοῦ
491 2977 606 3056 τέλους
637 2977 843 3069 ἀφανίζουσα
873 2981 911 3045 τὸ
944 2978 981 3044 ἐν
1011 2987 1050 3064 τῇ
1081 2978 1167 3067 ἀρχή

149 3084 330 3171 ἀγνοηθέν.

223 3282 239 3330 6
258 3276 463 3350 ἀφ<αι>ρεῑται
482 3277 504 3330 Β
578 3281 593 3330 7
614 3271 769 3345 ἐλευθέραν
788 3276 887 3345 φων’ν
906 3275 926 3330 O
955 3270 976 3332 ἕ.
994 3275 1047 3345 τὴν
1067 3277 1169 3346 φωνὴν

151 3349 177 3402 R
268 3355 301 3402 10
320 3347 540 3418 ἀνομολόγησετε
558 3347 584 3400 A
602 3346 638 3401 δν
658 3346 923 3420 ὁμολογήσετ<εΒ
1015 3353 1044 3401 11
1067 3349 1169 3404 τούτου

152 3419 395 3474 ΑΒωτοῦτοΒλ)
469 3418 711 3474 12*τδαύτδο

47 3534 183 3628 Λ
