2424 3848
112 213 178 279 184
425 197 427 200 ’
535 212 701 264 ·-Η-

112 375 244 462 λιπάρει
265 372 321 440 καί
345 376 389 459 μὴ
413 372 494 460 ἀνῇς
513 370 665 457 δεομένη,
687 373 768 456 μίαν
787 369 860 438 ἀντὶ
878 376 1012 438 πολλῶν
1030 373 1133 459 χάριν

113 484 251 548 αίτοῦσα
272 477 349 566 παρ’
377 480 481 547 αύτοῦ
505 480 810 563 σπείσασθαιπρδς
831 481 909 555 τοὺς
932 476 1053 545 ἑαυτοῦ
1070 501 1134 546 πο·

112 590 205 664 λίτας
227 585 283 654 καὶ
305 592 481 653 κατελθεῖν
499 586 547 662 είς
564 586 626 670 την
644 581 807 669 δεομένην
825 583 1006 670 ἀπολαβεῖν
1027 586 1134 654 αὐτὸν

113 695 270 780 πατρίδα·
297 695 421 770 πείσεις
447 691 527 778 γάρ,
555 685 593 757 εὖ
617 697 707 775 ίσθι,
734 687 790 756 καὶ
813 690 854 757 ού
877 693 1075 779 περιόψεταί
1095 711 1135 759 σε

87 797 315 888 τέρριμμένην
350 800 440 886 παρά
476 809 547 875 τοῖς
583 795 704 863 ἑαυτοῦ
734 794 835 862 ποσίν
867 795 952 884 ἀνὴρ
984 799 1134 884 εὐσεβής.

77 915 346 991 4καταγαγοῦσα
370 902 407 972 δὲ
429 907 489 972 τὸν
511 906 588 972 υίδν
610 905 658 981 είς
679 905 741 989 την
762 905 862 969 πόλιν
885 904 968 990 αὐτή
992 902 1020 970 τ’
1049 904 1209 975 ἀθά-1ο98

114 1037 218 1080 νατον
240 1011 325 1092 ἔξεις
345 1010 440 1090 κλέος
463 1012 572 1098 ὥσπερ
593 1013 680 1087 είκδς
699 1010 735 1076 έκ
752 1012 951 1096 τηλικούτου
970 1012 1134 1079 κινδύνου

101 1117 171 1213 καὶ
201 1121 311 1205 φόβου
343 1116 512 1207 ῥυσαμένη
544 1119 606 1203 την
638 1119 797 1204 πατρίδα,
833 1115 889 1183 καί
925 1118 1006 1203 ημῖν
1038 1125 1135 1204 τιμῆς

114 1250 206 1303 τινος
234 1227 323 1291 αίτία
344 1226 432 1309 παρά
455 1235 525 1302 τοῖς
547 1223 710 1310 ἀνδράσιν
728 1225 799 1311 ἔση,
822 1222 873 1290 ότι
892 1225 952 1289 τὸν
970 1225 1012 1291 ού
1032 1226 1136 1310 δυνη-

77 1360 103 1402 ιο
117 1330 222 1399 θέντα
244 1330 299 1398 ὑπ’
323 1331 460 1398 ἐκείνων
484 1331 769 1415 διασκεδασθῆναι
786 1332 934 1415 πόλεμον
952 1328 1050 1397 αύταλ
1068 1333 1137 1397 διε-

116 1441 275 1524 λύσαμεν·
307 1437 446 1504 ἐκείνων
477 1435 505 1503 τ’
537 1437 673 1522 ἀληθῶς
704 1438 838 1520 έγγονοι
866 1447 934 1502 τῶν
965 1447 1138 1520 γυναικῶν

116 1547 355 1632 φανησόμεθα,
387 1547 424 1610 αδ
448 1542 513 1631 ξτδν
546 1543 711 1611 συστάντα
738 1541 893 1633 Ῥωμύλῳ
922 1544 1005 1631 πρὸς
1031 1546 1138 1628 Σαβί-

117 1652 375 1735 νουςπόλεμον
407 1648 503 1716 αύταί
535 1649 820 1739 πρεσβευσάμεναι
852 1650 1048 1715 διελύσαντο
1081 1646 1138 1714 καὶ

119 1766 369 1840 συναγαγοῦσαι
391 1758 469 1834 τούς
491 1753 527 1822 θ’
554 1757 719 1842 ἡγεμόνας
744 1753 800 1822 καὶ
822 1756 862 1822 τὰ
885 1759 969 1841 ἔθνη
989 1756 1139 1840 μεγάλην

80 1852 156 1966 1ἶέέκ
179 1872 297 1949 μικρᾶς
327 1862 486 1948 ἐποίησαν
507 1864 570 1948 την
591 1865 699 1929 πόλιν.
744 1858 885 1939 καλδςὸ
912 1864 1082 1945 κίνδυνος,
1110 1857 1137 1928 ὦ

121 1969 318 2057 Οὐετουρία,
341 1971 400 2035 τὸν
418 1970 494 2035 υίδν
513 1973 728 2054 κομίσασθαι,
751 1968 975 2056 ἐλευθερῶσαι
993 1970 1056 2054 την
1075 1990 1139 2034 πα-

118 2079 226 2163 τρίδα,
249 2086 354 2142 σῶσαι
376 2077 433 2153 τάς
458 2073 574 2161 ἑαυτῆς
595 2077 777 2159 πολίτιδας,
799 2072 895 2151 κλέος
917 2073 1034 2163 ἀρετῆς
1052 2074 1139 2141 ἀθά-

120 2206 222 2248 νατον
244 2193 315 2259 τοῖς
333 2180 502 2267 έσομένοις
519 2187 720 2248 καταλιπεῖν.
766 2183 824 2259 δὸς
842 2180 922 2267 ἡμῖν
940 2178 1062 2248 ἑκοῦσα
1082 2179 1140 2247 καὶ

121 2290 202 2374 μετά
229 2290 419 2373 προθυμίας
446 2289 507 2373 την
533 2288 631 2374 χάριν
660 2286 716 2354 καί
744 2297 905 2373 σπεῦσον,
938 2283 964 2353 ὦ
994 2289 1140 2355 Οὐετου-

81 2422 108 2462 εο
122 2398 190 2482 ρία·
223 2396 351 2481 βουλὴν
379 2395 442 2481 γάρ
470 2394 491 2479 ἢ
517 2395 641 2480 χρόνον
668 2395 687 2461 δ
714 2396 874 2471 κίνδυνος
901 2392 978 2472 ὀξὺς
1006 2394 1054 2460 ὢν
1077 2394 1140 2461 οὐκ

122 2498 314 2587 ἐπιδέχεται.
695 2552 712 2556 ¹.
766 2572 768 2575 ¹

190 2607 339 2673 XXXXI.
368 2604 417 2672 ‘H
434 2603 496 2692 μὲν
519 2609 561 2693 δη
580 2604 669 2673 ταῦτ’
692 2608 831 2674 είποῦσα
853 2604 909 2673 καὶ
930 2607 1038 2674 πολλά
1058 2626 1205 2693 προ-159Ι

124 2714 223 2800 εμίνη
243 2714 371 2800 δάκρυα
389 2713 556 2799 ἐσίγησεν·
576 2712 792 2799 ὀδυρομένων
811 2710 848 2779 δὲ
865 2711 922 2779 καὶ
939 2724 1006 2780 τῶν
1027 2715 1141 2781 ἀλλων

123 2831 293 2905 γυναικῶν
315 2817 370 2886 καί
392 2820 517 2897 πολλάς
540 2821 670 2906 δεήσεις
695 2817 905 2905 ποιουμένων
927 2821 1048 2906 μικρὸν
1072 2819 1140 2887 ἐπι·

84 2952 112 2994 ιε
125 2936 251 3033 σχοῦσα
273 2926 293 3010 η
315 2925 501 3013 Οὐετουρία
518 2923 574 2992 καὶ
593 2926 784 3013 δακρύσασα
805 2920 909 2991 εἶπεν·
932 2926 993 3003 Είς
1011 2925 1140 3011 ἀσθενῆ
1191 2986 1194 2990 ,

198 3118 441 3174 2οπείσεσθαιΒ
531 3116 714 3191 4ίσθ<ι>Β
806 3121 837 3171 11
857 3118 972 3187 ἀληθῶς
991 3117 1137 3186 οάἀ.Βλ

127 3188 239 3258 ἔκγονοι
257 3188 336 3244 ABc
356 3187 467 3258 ἔγγονοι
484 3188 531 3243 Ba
591 3195 623 3243 12
639 3186 689 3243 Ῥω
719 3188 778 3244 ’λου
796 3187 847 3244 Ac
903 3193 937 3244 13
957 3183 1043 3244 αὗται
1059 3189 1139 3261 AB!

128 3259 260 3316 διέλυσαν
279 3277 303 3316 ο.
322 3260 466 3329 Kiessling
521 3264 554 3316 15
573 3259 624 3330 τὴν
643 3259 680 3315 ad
701 3260 747 3316 ,Β
804 3266 836 3315 17
857 3253 964 3314 ἕαυτῦν
978 3259 1029 3316 Ac
1045 3262 1050 3331 Ι
1065 3259 1142 3316 ἀθά-

127 3351 214 3388 νατον
234 3327 359 3400 ἐγγόνοις
377 3337 435 3394 τοῖς
454 3330 477 3386 0
495 3333 609 3402 praeter
627 3330 649 3386 B
759 3336 793 3385 20
810 3328 829 3398 ἢ
847 3330 964 3404 χρόνον]
983 3330 1099 3402 χρόνιον
1117 3350 1142 3388 ο.

127 3401 218 3458 Cobet
236 3403 301 3458 obs.
320 3422 347 3474 p.
364 3407 415 3457 163
505 3407 540 3457 λδ
560 3397 652 3472 έσίγα·
672 3399 903 3472 συνοδυρομένων
927 3418 950 3459 ο.
978 3401 1143 3460 dubitanter

126 3471 273 3542 Kiessling
344 3479 378 3529 25
397 3472 415 3542 ἡ
435 3472 530 3529 om.B
1069 3518 1071 3523 .

62 3534 147 3630 Ὶ
