2424 3848
518 170 685 219 -Η-

21 347 95 396 1690
163 325 332 393 XXXVII.
391 333 500 395 Ταῦτα
536 327 768 414 ψηφισαμένης
804 338 862 414 τῆς
897 332 1021 414 βουλῆς
1056 331 1112 398 καὶ

95 436 299 519 πρεσβευτάς
317 432 449 521 ἑτέρους
472 432 629 520 ἑλομένης
646 433 726 501 δέκα
745 436 870 522 άνδρας
888 434 1010 502 ἐκτῶν
1028 437 1113 504 ὑπα-
1144 469 1147 481 ·

95 551 196 606 τινῶν
228 543 306 618 τοὺς
342 538 543 620 ἀξιώσοντας
578 544 637 608 τὸν
673 544 781 629 ἀνδρα
820 538 929 627 μηθὲν
960 541 1112 632 ἐκφέρειν

95 645 258 733 έπίταγμα
275 651 362 733 βαρὺ
380 646 457 733 μηδ’
481 648 619 726 άνάξιον
635 657 693 732 τῆς
711 652 851 733 πόλεως,
870 648 955 716 ἀλλά
972 653 1113 717 καταλύ-

96 773 199 820 σαντα
226 755 287 839 την
314 758 440 841 ἔχθραν
467 753 523 820 καὶ
549 755 780 839 ἀναστήσαντα
809 758 871 841 την
899 759 1044 842 δύναμιν
1077 757 1112 823 έκ
1139 780 1153 821 5

95 870 153 946 τῆς
179 863 289 948 χώρας
314 868 432 929 πειθοῖ
455 860 511 928 καλ
541 864 596 928 διά
619 864 729 947 λόγων
752 867 988 950 συμβατηρίων
1010 875 1113 931 ταῦτα

95 974 276 1054 πειρᾶσθαι
302 969 473 1056 πράττειν,
502 970 533 1033 εί
558 970 713 1053 βούλεται
742 972 898 1053 βεβαίους
924 994 959 1036 τε
986 969 1041 1036 καλ
1065 974 1113 1050 είς

96 1072 147 1139 ἀεὶ
166 1074 388 1160 διαμενούσας
405 1079 610 1160 ποιήσασθαι
626 1076 686 1153 τάς
699 1075 879 1160 ὁμολογίας
891 1087 958 1142 τῶν
972 1079 1113 1162 πόλεων,

96 1181 140 1258 ὡς
170 1192 238 1247 τῶν
270 1204 307 1265 γε
337 1179 395 1248 ὑπ’
425 1181 571 1267 άνάγκης
602 1184 693 1259 τινὸς
721 1182 742 1267 ἢ
771 1193 892 1269 καιροῦ
923 1199 1113 1269 συγχωρου-

96 1284 206 1370 μένων
234 1286 290 1353 καλ
319 1289 466 1366 ἰδιώταις
491 1287 547 1354 καὶ
573 1290 711 1355 πόλεσιν
744 1289 811 1374 ἅμα
840 1298 886 1377 τῷ
916 1299 1112 1374 μεταπεσεῖν
1127 1311 1152 1352 ιο

94 1396 172 1471 τοὺς
199 1396 336 1479 καιροὺς
363 1395 384 1478 ἢ
410 1396 469 1472 τάς
497 1393 641 1478 ἀνάγκας
673 1395 777 1472 εὐθὺς
804 1393 1046 1481 διαλυομένων·
1079 1396 1115 1460 οί

94 1496 155 1584 μὲν
179 1497 434 1585 ἀποδειχθέντες
460 1497 517 1566 ὑπ’
544 1501 645 1585 αὐτῆς
673 1499 827 1588 πρέσβεις
850 1503 916 1586 άμα
938 1509 984 1590 τῷ
1007 1500 1113 1567 πυθέ-
1155 1581 1160 1599 1

95 1613 176 1672 σθαι
199 1607 261 1691 την
282 1609 470 1692 παρουσίαν
493 1617 553 1673 τοῦ
570 1610 729 1690 Μαρκίου
749 1606 972 1695 πορευθέντες
990 1609 1034 1685 ὡς
1053 1609 1112 1674 αὐ-

22 1715 154 1782 ισειτδν
185 1714 292 1779 πολλά
324 1712 478 1796 έπαγωγδι
512 1711 699 1798 διελέγοντο
733 1715 955 1800 φυλάττοντες
985 1713 1041 1780 καὶ
1074 1714 1111 1781 έν

93 1829 163 1896 τοϊς
193 1821 307 1902 λόγοις
335 1820 372 1884 τὸ
403 1816 531 1902 ἀξίωμα
559 1828 618 1902 τῆς
651 1822 788 1898 πόλεως.
840 1820 859 1887 ό
890 1817 927 1887 δὲ
955 1807 1151 1921 Μάρκιος125

94 1927 175 1992 άλλο
204 1921 266 2010 μὲν
293 1921 394 1991 οὐδὲν
426 1925 540 2002 αὐτοῖς
571 1924 787 2013 ἀπεκρίνατο,
819 1929 1040 2011 συνεβούλευε
1073 1925 1110 1994 δὲ

93 2035 242 2120 κρεῖττόν
265 2055 297 2097 τι
315 2030 604 2118 βουλευσαμένους
620 2033 713 2117 ίίκειν
732 2044 834 2120 τριῶν
853 2032 945 2110 έντὸς
963 2034 1110 2121 ἡμερῶν·

94 2139 214 2215 ταύτας
236 2139 299 2225 γάρ
324 2139 436 2216 αὐτοῖς
455 2142 591 2205 ἔσεσθαι
609 2143 713 2223 μόνας
731 2138 854 2225 ἀνοχάς
871 2148 932 2206 τοῦ
954 2137 1111 2224 πολέμου.

95 2242 309 2330 βουλομένων
333 2245 373 2310 δέ
393 2268 425 2310 τι
447 2248 530 2333 πρὸς
551 2255 653 2312 ταῦτα
675 2243 785 2329 λέγειν
808 2256 875 2312 τῶν
894 2245 1029 2334 ἀνδρῶν
1049 2247 1111 2312 οὐκ

96 2350 283 2438 ἐπέτρεψεν,
301 2348 374 2417 ἀλλ’
397 2349 528 2418 ἀπιέναι
546 2352 608 2435 τὴν
625 2354 783 2438 ταχίστην
803 2350 975 2418 ἐκέλευσεν
994 2351 1031 2419 ἐκ
1048 2362 1149 2420 τοῦτο

94 2459 253 2546 χάρακος,
280 2457 459 2542 ἀπειλήσας
480 2459 540 2544 ὡς,
568 2460 599 2523 εί
625 2460 669 2544 μη
696 2462 913 2545 κονίσουσιν,
942 2460 986 2537 ὡς
1012 2481 1110 2526 κατα-

95 2568 231 2642 σκόποις
267 2565 438 2652 χρήσεται·
480 2563 627 2631 κάκεῖνοι
668 2575 774 2652 σιωπῇ
818 2564 970 2642 ἀπιόντες
1005 2566 1111 2644 εὐθὺς

95 2670 232 2759 ᾤχοντο.
281 2674 447 2760 μαθόντες
478 2668 509 2736 δ’
541 2672 577 2738 oi
602 2670 781 2757 βουλευταὶ
813 2673 902 2758 παρὰ
933 2681 1000 2736 τῶν
1031 2669 1148 2758 πρέ-3

96 2784 204 2864 σβεων
235 2780 293 2856 τάς
324 2777 486 2856 αὐθάδεις
516 2775 706 2864 ἀποκρίσεις
727 2776 771 2864 Ιτε
803 2776 858 2845 καὶ
885 2777 1021 2855 ἀπειλὰς
1048 2787 1109 2844 τοῦ

94 2887 251 2972 Μαρκίου
282 2886 439 2972 στρατιάν
469 2882 530 2970 μέν
551 2883 739 2974 ζὺπερόριον
769 2883 898 2969 ἐξάγειν
928 2881 1008 2950 οὐδὲ
1035 2888 1109 2952 τότε
1123 2904 1149 2945 2⁶

50 3137 54 3143 ,
165 3094 459 3167 3ἀξιόσ<ο>νταςΒ
568 3093 825 3162 8ποιήσασθαιο
854 3102 970 3164 ποιῆσαι
988 3093 1019 3148 in
1038 3094 1108 3151 odit.

93 3165 245 3236 Kiessling.
266 3168 373 3235 exstat,
402 3168 450 3222 sed
468 3165 542 3220 nihil
567 3167 685 3221 notatur
792 3172 826 3222 16
845 3167 940 3227 αὐτοῖς
958 3164 1022 3221 εδδ.
1042 3165 1065 3217 Β
1089 3165 1103 3238 ,Ι

87 3259 303 3364 ’συνβοόλευεΒ
394 3291 614 3359 κατειλήσας,
642 3290 729 3354 οὕτως
752 3289 779 3345 εί
801 3290 838 3361 μὴ
860 3287 1040 3358 ποιήσουσιν,
1073 3289 1109 3352 ὡς

94 3362 283 3424 κατασκόποις
301 3361 458 3432 χρήσεσθαι
476 3379 499 3418 ο.
518 3361 648 3418 Hertlein
665 3361 783 3418 Hermes
801 3361 827 3416 X
842 3368 894 3418 417
948 3366 983 3415 25
1001 3360 1107 3430 ὑπερό-

94 3454 156 3504 ριον
177 3433 199 3488 Ο
218 3435 377 3504 ὑπαίθριον
396 3450 419 3490 c.
438 3432 583 3503 Rieseling

894 3521 946 3575 12*
