2424 3848
559 183 721 231 -z-
1102 176 1145 245 53

129 342 264 430 ἀρχεῖον
287 351 346 426 τής
369 343 418 418 είς
439 344 517 418 τοὺς
540 336 770 427 ἀγορανόμους
791 341 919 428 ύβρεως
942 340 1065 427 ἕνεκεν,
1088 341 1147 419 οὓς

128 459 167 536 τῇ
191 446 336 536 προτέρα
358 459 426 518 τῶν
444 447 577 534 ἡμερῶν
594 449 688 532 ἀγειν
707 449 809 514 αὐτὸν
827 446 1065 525 κελευσθέντας
1083 445 1143 534 ὑφ’

128 556 242 622 αὑτῶν
269 556 402 621 τύπτων
430 553 612 638 ἀπήλασεν·
640 553 682 620 ού
704 556 768 641 γὰρ
792 552 914 638 ἑτέρων
936 566 1039 620 τινῶν
1062 550 1148 639 εἶναι

127 665 188 729 τὸν
210 663 488 747 προπηλακισμὸν
510 664 569 727 τὸν
592 663 639 738 είς
661 664 740 738 τοὺς
756 659 921 747 ὑπηρέτας
939 672 1035 746 σφῶν
1054 664 1147 744 χενό

127 792 234 854 μενον
256 768 278 852 ή
300 778 367 833 τῶν
389 767 627 833 κελευσάντων.
672 765 728 832 καί
750 763 840 833 ταῦτ’
868 770 970 835 είπὼν
993 766 1147 847 ἐπέταξεν
1165 745 1189 860 ’ξ

127 877 226 959 ἀχειν
253 873 356 940 αὐτὸν
383 872 437 939 έπί
459 876 518 940 τὸν
540 874 779 959 ὑπερκείμενον
801 883 859 960 τῆς
880 874 1003 962 ἀγορᾶς
1027 878 1147 960 λόφον·

59 983 203 1050 1389ἔστι
227 976 265 1045 δέ
287 981 324 1045 τὸ
347 983 471 1066 χωρίον
492 982 638 1065 κρημνὸς
661 979 813 1066 ἐξαίσιος,
836 981 918 1046 ὅθεν
936 980 1050 1060 αὐτοῖς
1069 984 1148 1060 ἔθος

126 1083 172 1172 ἦν
196 1070 334 1172 βάλλειν
351 1089 430 1163 τοὺς
448 1084 693 1163 ἐπιθανατίους.
730 1087 767 1153 οί
781 1082 900 1171 μὲν
862 1111 925 1152 ουν
943 1086 1148 1174 ἀγορανόμοι

126 1189 322 1292 προσῄεσαν
344 1191 389 1269 ὡς
412 1191 648 1276 ἐπιληψόμενοι
666 1202 727 1258 τοῦ
745 1194 946 1325 σώματος,ο
928 1193 964 1258 οί
980 1190 1017 1258 δέ
1035 1197 1149 1280 πατρί-

125 1323 197 1365 κιοι
229 1296 313 1383 μέγα
345 1294 566 1383 ἐμβοήσαντες
597 1299 755 1385 ὥρμησαν
785 1294 835 1364 ἐπ’
865 1298 986 1376 αὐτοὺς
1013 1299 1148 1386 ἀθρόοι·
1163 1321 1189 1361 ιο

125 1400 238 1472 ἔπειθ’
262 1404 280 1471 6
305 1405 408 1488 δήμος
430 1402 484 1482 ἐπὶ
506 1408 585 1482 τοὺς
602 1409 806 1492 πατρικίους
829 1400 945 1490 καλήν
962 1407 1068 1490 πολλή
1087 1403 1148 1491 μὲν

129 1515 240 1598 ἔργων
268 1509 425 1594 ἀκοσμία,
450 1500 557 1596 πολλή
585 1506 624 1576 δέ
650 1514 761 1594 λόγων
788 1510 886 1598 ύβρις
908 1508 985 1598 παρ’
1011 1512 1148 1599 ἀμφοῖν,

129 1618 283 1702 ὠθισμοί
310 1640 345 1682 τε
374 1614 429 1682 καὶ
457 1628 578 1703 χειρῶν
605 1617 765 1702 έπιβολαί.
809 1620 1002 1705 κατελήφθη
1031 1615 1068 1685 δὲ
1094 1618 1185 1688 καὶὸ

130 1734 324 1811 σωφρονεῖν
347 1724 542 1809 ήναηκάσθη
566 1725 606 1789 τὰ
628 1734 875 1810 παρακινοῦντα
897 1725 961 1791 ὑπὸ
980 1738 1048 1792 τῶν
1065 1727 1149 1792 ύπά-
1207 1811 1211 1819 ,

128 1855 202 1898 των
229 1828 441 1915 βιασαμένων
463 1832 511 1907 είς
532 1829 653 1915 μέσους
675 1829 822 1910 καὶτοῖς
845 1832 1046 1919 ῥαβδούχοις
1069 1832 1148 1899 ἀνα-
1162 1852 1188 1893 15

130 1935 284 2003 στέλλειν
311 1936 540 2002 κελευσάντων
565 1941 643 2015 τοὺς
669 1939 800 2023 ὄχλους·
831 1940 973 2022 τοσαύτη
1001 1941 1065 2024 ἀρα
1092 1949 1150 2024 τής

131 2043 237 2129 ἀρχῆς
259 2043 361 2120 αίδὼς
383 2038 426 2127 ἦν
448 2054 517 2120 τοῖς
539 2046 612 2109 τότε
635 2039 838 2128 ἀνθρώποις,
860 2042 916 2109 καὶ
934 2045 1021 2111 οὕτω
1039 2049 1150 2130 τίμιον

130 2151 172 2215 τὸ
199 2157 258 2233 της
283 2153 455 2234 βασιλικῆς
482 2148 632 2228 ἐξουσίας
660 2153 796 2235 μίμημα.
842 2148 893 2236 ἐφ’
919 2141 969 2227 οἷς
992 2150 1011 2216 6
1034 2155 1150 2216 Σικίν-

128 2279 208 2333 νιος
234 2253 412 2340 ἀδημονῶν
438 2254 493 2321 καὶ
521 2257 817 2342 διαταραττόμενος
839 2257 1012 2342 εὐλαβείας
1035 2281 1069 2323 τε
1093 2281 1149 2343 με-

128 2364 211 2439 στὸς
230 2363 289 2446 ὥν,
307 2364 352 2447 μή
370 2363 626 2450 προσαναχκάση
644 2365 722 2439 τοὺς
741 2364 924 2449 διαφόρους
941 2375 1010 2441 τοῖς
1026 2366 1149 2449 βιαίοις
1162 2385 1189 2426 νο

129 2471 172 2536 τὰ
196 2471 289 2554 βίαια
312 2473 426 2553 λῦσαι,
453 2465 686 2553 ἀποστηναι
658 2494 677 2535 τ
711 2469 773 2535 ούκ
796 2468 898 2548 ἀξιῶν
920 2479 981 2536 τοῦ
1004 2470 1189 2557 ἐγχειρή-

129 2599 244 2661 ματος,
267 2572 381 2657 ἐπειδή
404 2573 488 2653 ἅπαξ
512 2573 697 2659 ίπεβάλετο,
719 2573 835 2640 καῖ’
792 2600 904 2661 μενειν
924 2572 974 2661 ἐφ’
994 2567 1044 2652 οἷς
1063 2579 1149 2661 ἔκρι-

129 2706 191 2750 νεν
215 2680 257 2748 ού
280 2682 465 2763 δυνατὸς’
444 2705 508 2765 ων,
535 2684 638 2758 πολὺς
661 2680 698 2746 έν
719 2690 765 2769 τό
789 2693 940 2766 σκοπεῖν,
972 2682 990 2768 6
1013 2704 1045 2746 τι
1066 2703 1149 2767 πρα-

67 2782 273 2861 κτέον
252 2812 304 2872 ην.

51 2915 127 2965 1390
200 2892 350 2960 XXXVI.
388 2889 600 2960 Κατιδωνδ’
625 2895 728 2961 αὐτὸν
750 2893 984 2980 ἀμηχανοῦντα
1007 2893 1188 2972 Λεύκιοςνσ

124 2998 268 3078 Ἰούνιος
283 3004 444 3086 Βροῦτος,
462 2999 587 3079 ἐκεῖνος
605 3003 623 3068 6
643 3002 839 3087 δημαγωγὸς
858 3001 876 3066 6
894 3000 1146 3087 τεχνησάμενος,

200 3125 350 3231 θβύλλειν
365 3149 400 3225 ήν
414 3156 440 3210 A
459 3163 464 3226 Ι
485 3152 613 3212 έπνθανα
613 3154 700 3249 τίονς]
720 3120 907 3220 ὑπεναντίους
921 3156 972 3212 AO
1029 3164 1060 3212 13
1080 3179 1147 3213 κατ-

125 3231 208 3299 ελείφ
209 3233 251 3299 θη
271 3228 297 3282 Δ
319 3227 528 3297 κατελήφθηΒ
551 3232 652 3283 κατελυ
643 3228 736 3296 θην.
755 3228 856 3281 Portus
931 3230 997 3282 1⁷*
1011 3231 1070 3300 ίμ
1071 3250 1104 3284 ον
1121 3250 1145 3286 τ.

126 3303 152 3376 β.
172 3249 303 3368 ἔξουσίας
320 3299 475 3369 ιοιδτίμημ
493 3299 564 3354 At.
583 3300 656 3353 τ.ότ
676 3299 701 3371 β.
722 3294 743 3354 έ
761 3300 908 3381 τίμημαΒ
930 3301 963 3355 ιδ
982 3318 1035 3356 om.
1056 3303 1146 3370 Opro

124 3376 234 3455 τέμνηται
264 3370 340 3439 quod
364 3372 526 3438 corruptum
549 3387 616 3425 esse
633 3372 808 3438 apparete.
823 3370 947 3426 Sintenis
971 3380 1062 3443 σχῆμα
1084 3372 1145 3427 Εω.

125 3445 209 3500 D10n
193 3392 271 3497 μΜΙΙΙ
289 3447 337 3509 20,
357 3441 465 3510 μίμημα
484 3457 536 3511 ego
