2424 3848
495 187 663 236 -Η-
1021 183 1086 248 263

72 345 211 422 οὐδενὸς
238 345 300 430 γάρ
329 348 393 411 είσι
416 356 484 411 τῶν
507 345 568 424 ἔξω
591 355 650 430 τῆς
672 349 799 423 πόλεως
822 347 857 410 οί
877 348 939 430 τὴν
962 347 1087 432 δημαρ-

71 453 170 539 χικην
193 453 322 538 ἔχοντες
345 450 498 530 ἐξουσίαν
520 454 643 539 κύριοι·
667 450 923 539 περιγέγραπται
944 453 1008 538 γάρ
1028 452 1087 518 αὐ-

70 569 140 624 τῶν
167 560 204 624 τὸ
237 559 355 645 κράτος
381 570 452 636 τοῖς
478 563 615 644 τείχεσι,
647 557 703 624 καὶ
730 555 809 624 οὐδὲ
838 559 1086 644 ἀπαυλισθῆναι

70 675 131 750 τῆς
153 668 279 742 πόλεως
301 665 415 742 αὐτοῖς
436 663 546 750 θέμις,
570 665 620 730 ὅτι
644 666 688 749 μὴ
711 667 794 751 πρὸς
816 665 875 732 ἕνα
897 669 1027 752 καιρόν,
1050 665 1087 732 έν

71 765 99 860 ᾧ
130 780 232 837 πᾶσαι
261 773 408 837 θύουσιν
431 772 468 835 αί
495 781 552 854 τῆς
580 773 707 848 πόλεως
736 769 834 857 ἀρχαὶ
862 773 980 855 κοινὴν
1002 769 1085 858 ὑπὲρ
1114 793 1127 834 5

71 886 133 944 τοῦ
155 881 315 943 Λατίνων
335 880 458 954 ἔθνους
480 886 525 964 τῷ
551 875 611 941 Διὶ
634 881 761 942 θυσίαν
783 874 836 943 ἐπὶ
859 879 896 943 τὸ
916 876 1087 962 Ἀλβανῶν

72 985 152 1069 όρος
179 982 430 1068 ἀναβαίνουσαι.
479 992 577 1049 τοῦτο
608 982 756 1067 διαμένει
788 981 883 1069 μέχρι
910 995 977 1049 τῶν
1004 981 1121 1054 καθ’7

70 1091 157 1175 ἡμᾶς
180 1093 370 1175 χρόνοντὸ
394 1093 490 1174 έθος,
516 1092 554 1155 τὸ
578 1092 725 1175 μηθενὸς
746 1085 834 1155 εἶναι
855 1100 923 1155 τῶν
946 1089 1006 1168 ἔξω
1031 1099 1087 1175 τῆς

71 1199 199 1273 πόλεως
225 1200 304 1273 τοὺς
327 1196 516 1281 δημάρχους
542 1199 691 1281 κυρίους·
720 1194 775 1260 καὶ
803 1196 844 1278 δη
871 1193 927 1261 καὶ
949 1199 1009 1262 τὸν
1033 1195 1049 1261 ἐ
1072 1235 1087 1246 -

72 1303 197 1386 φύλιον
219 1292 389 1387 Ῥωμαίων
420 1305 567 1386 πόλεμον
601 1301 704 1387 <τὸν>
733 1300 786 1367 ἐπὶ
817 1312 875 1386 τῆς
907 1301 986 1386 ἐμῆς
1016 1302 1087 1386 ἡλι-
1101 1327 1128 1368 10

22 1412 158 1493 ῖνικίας,
188 1408 224 1485 ὃς
246 1407 400 1493 μέγιστος
421 1419 488 1473 τῶν
511 1410 575 1493 πρὸ
599 1407 703 1474 αὐτοῦ
725 1405 878 1492 πολέμου
902 1406 1043 1492 ἐγένετο,
1065 1408 1086 1492 ἡ

71 1518 234 1599 κινήσασα
257 1518 423 1600 πρόφασις
446 1512 499 1580 ἐπὶ
521 1519 659 1591 πολλαῖς
681 1515 796 1591 ἄλλαις
819 1513 942 1594 δόξασα
964 1518 1085 1600 μείζων

71 1617 159 1687 εἶναι
186 1619 240 1686 καὶ
264 1621 394 1707 <μόνη>
418 1622 594 1708 ἀποχρῶσα
623 1622 796 1705 διαστῆσαι
823 1622 884 1704 τὴν
907 1625 1005 1688 πόλιν
1027 1623 1087 1706 ἥδε

71 1725 127 1813 ἦν,
155 1729 206 1794 ότι
232 1740 300 1794 τῶν
324 1729 502 1814 δημάρχων
525 1724 613 1804 τινες
640 1725 858 1811 ἐξεληλάσθαι
881 1737 938 1811 τῆς
960 1733 1088 1806 πόλεως

72 1836 262 1919 αἰτιώμενοι
285 1839 343 1922 βία
365 1837 448 1922 πρὸς
470 1844 530 1900 τοῦ
553 1836 626 1900 τότε
648 1834 843 1921 κατέχοντος
864 1836 905 1899 τὰ
925 1838 1007 1902 κατὰ
1026 1836 1087 1921 τὴν
1101 1857 1128 1900 ιι

69 1939 211 2008 Ἰταλίαν
238 1942 415 2025 ἡγεμόνος,
447 1942 503 2006 ίνα
535 1941 678 2024 μηδενὸς
705 1936 772 2006 εἶεν
801 1943 849 2005 ἔτι
875 1942 1002 2026 κύριοι,
1034 1941 1088 2007 ἐπὶ
1120 1961 1122 1964 ⁴

71 2051 133 2114 τὸν
155 2047 193 2113 έν
215 2057 254 2134 τη
279 2051 425 2134 Γαλατίᾳ
448 2048 488 2112 τά
511 2048 715 2134 στρατόπεδα
745 2045 924 2133 κατέχοντα
952 2049 998 2124 ὡς
1025 2048 1087 2113 οὐκ

72 2157 219 2242 ἔχοντες,
247 2154 323 2220 όποι
351 2153 554 2238 τράπωνται,
581 2150 777 2238 κατέφυγον.
830 2152 848 2218 ὁ
877 2149 914 2217 δὲ
941 2162 979 2238 τῇ
1006 2161 1122 2240 προ-8

71 2261 171 2345 φάσει
194 2260 295 2346 ταότη
324 2261 544 2346 χρησάμενος,
571 2261 616 2336 ὡς
642 2257 725 2345 ἀρχῇ
754 2260 862 2342 δημου
884 2271 1028 2342 παναγεῖ
1048 2263 1085 2325 τὸ

71 2368 191 2452 κράτος
219 2366 439 2453 ἀφαιρεθείσῃ
466 2367 555 2447 παρὰ
578 2368 655 2442 τοὺς
678 2365 797 2451 ὅρκους
819 2375 887 2431 τῶν
910 2367 1087 2452 προγόνων
1100 2389 1128 2430 οο

71 2473 171 2550 αὐτὸς
193 2473 292 2551 ὁσίως
315 2471 371 2538 καὶ
399 2474 463 2561 σὺν
492 2474 568 2557 δίκη
592 2476 730 2557 βοηθῶν
753 2471 852 2547 αὐτός
874 2494 909 2536 τε
932 2474 996 2537 σὺν
1019 2484 1088 2549 τοῖς
1164 2512 1166 2516 »

72 2580 187 2656 ὅπλοις
213 2575 319 2663 ἦλθεν
343 2581 390 2655 είς
419 2579 480 2661 τὴν
503 2581 602 2644 πόλιν
625 2575 680 2643 καί
703 2580 780 2654 τοὺς
803 2577 928 2663 ἀνδρας
951 2575 1004 2642 ἐπὶ
1026 2578 1088 2660 τὴν
1144 2623 1147 2626 -

71 2685 178 2772 ἀρχὴν
200 2689 373 2771 κατήγαγε.

138 2791 350 2856 LXXXVIII.
386 2794 467 2857 Τότε
490 2788 520 2854 δ’
545 2785 607 2857 οὖν
630 2791 666 2855 οί
687 2792 825 2875 δημόται
848 2799 906 2874 τῆς
929 2791 1088 2875 δημαρχι-

71 2907 133 2982 κῆς
151 2897 302 2976 ἐξουσίας
324 2893 425 2963 οὐδὲν
449 2897 672 2974 ἀπολαύοντες
694 2896 832 2981 ὑφείυτο
853 2904 914 2961 τοῦ
936 2896 1087 2982 θράσους
1100 2917 1127 2959 25

22 3003 128 3072 ῖνικαὶ
156 3007 350 3089 προσιόντες
374 3015 445 3080 τοϊς
468 3000 521 3068 ε’πί
543 3012 601 3087 τῆς
624 3005 856 3089 στρατολογίας
879 3002 1088 3086 τεταγμένοις

127 3167 143 3216 ὅ
161 3160 328 3233 θόο<υσιν>
345 3160 392 3214 Bb
444 3167 459 3214 6
476 3158 606 3233 Ἀλβανὸν
626 3158 807 3228 c.KIessli11g
825 3159 857 3213 τὸ
873 3157 1004 3231 ’Λλβανής
1023 3157 1088 3227 ὄρος

72 3250 95 3287 ο.
125 3232 297 3302 Grasborger
322 3230 487 3301 Philologus
506 3238 540 3287 28
563 3233 655 3301 (1869)
678 3250 705 3301 p.
721 3235 772 3284 547
882 3236 915 3285 10
943 3229 992 3283 τὸν
1021 3228 1085 3284 add.

73 3303 234 3373 Stephanus
289 3308 321 3356 11
338 3300 368 3365 ὃς
382 3302 446 3356 add.
461 3302 508 3356 Bb
523 3319 609 3371 supra
621 3301 670 3357 lin.
727 3306 760 3355 12
780 3302 880 3371 μείζων
900 3299 965 3355 add.
980 3297 1088 3369 ACmg

73 3382 106 3429 13
126 3373 198 3444 μόνη
218 3373 281 3429 add.
301 3373 405 3428 Reiske
478 3372 565 3428 15τά
585 3372 690 3428 add.B
768 3379 801 3428 17
820 3379 854 3442 τῇ
873 3371 979 3426 add.ss
1052 3378 1086 3426 19

71 3444 89 3513 ἣ
109 3454 168 3501 πᾶν
186 3445 249 3514 ἀγει
267 3444 371 3500 ABbG
389 3453 448 3500 πᾶν
467 3444 530 3514 ἀγει
547 3444 595 3498 Ba
613 3447 683 3502 θοὴ.
702 3442 825 3512 Sylburg
