2424 3848
108 197 173 261 104
532 198 693 249 -Ζ-

107 382 173 444 μου
196 340 395 443 γενήσονται
416 359 596 441 προστάται
619 356 675 423 καὶ
698 359 742 442 μή
766 368 835 435 τοῖς
852 367 992 444 τυχοῦσι
1011 361 1051 426 τά
1070 359 1129 446 μέ-

106 483 202 549 γιστα
225 468 295 549 είκή
319 464 580 550 ἐπιτραπήσεται.

104 623 107 627 .
172 570 289 637 LXVI.
314 569 364 636 ‘H
381 567 441 656 μὲν
460 573 503 655 δή
521 573 633 656 πρώτη
647 569 819 656 Ῥωμαίοις
837 570 1024 657 ἐμπεσοῦσα
1041 575 1126 657 μετὰ

105 680 166 762 τήν
191 676 332 762 ἐκβολήν
354 687 421 742 τῶν
439 673 603 761 βασιλέων
622 676 736 754 στάσις
754 680 827 764 ἔσχε
845 679 998 755 τοιαύτας
1017 681 1128 761 αίτίας

79 782 162 849 ικαὶ
194 786 241 860 είς
272 793 370 849 τοῦτο
403 781 585 866 κατέσκηψε
613 786 651 849 τὸ
680 780 786 860 τέλος·
819 782 966 868 ἐμήκυνα
996 780 1033 849 δέ
1063 787 1126 853 τὸν

106 886 190 975 ὑπὲρ
214 890 324 955 αὐτῶν
342 892 444 973 λόγον
462 900 523 956 τοῦ
541 891 586 973 μή
604 913 679 955 τινα
696 890 881 974 θαυμάσαι,
903 901 972 968 πῶς
989 889 1127 976 ὑπέμει-

105 1021 170 1062 ναν
189 997 225 1062 oc
237 1000 403 1081 πατρίκιοι
418 997 613 1079 τηλικαύτης
627 995 778 1074 ἐξουσίας
789 1007 926 1082 ποιῆσαι
939 999 998 1063 τὸν
1013 999 1127 1083 δῆμον

105 1105 240 1190 κύριον,
267 1104 344 1169 ούτε
372 1111 502 1187 σφαγῆς
524 1113 591 1168 τῶν
614 1103 760 1188 ἀρίστων
782 1103 917 1188 ἀνδρῶν
939 1103 1128 1191 γενομένης

105 1210 182 1276 ούτε
212 1219 337 1295 φυγῆς,
367 1200 441 1275 οἷον
469 1207 506 1274 έν
533 1210 648 1286 ἀλλοις
674 1215 811 1287 πολλαῖς
838 1208 968 1293 ἐγένετο
994 1213 1128 1279 πόλεσι.

64 1339 90 1379 10
104 1324 208 1382 ποθεῖ
227 1317 291 1402 γάρ
315 1314 449 1392 ἕκαστος
473 1313 526 1381 ἐπὶ
547 1327 617 1392 τοῖς
639 1314 838 1402 παραδόξοις
856 1315 1042 1400 ἀκούσμασι
1060 1319 1126 1402 τήν

104 1425 213 1487 αἰτίαν
240 1428 363 1506 μαθεῖν
391 1419 446 1487 καί
472 1424 509 1486 τὸ
537 1423 655 1488 πιστὸν
682 1421 719 1488 έν
745 1424 849 1507 ταύτη
873 1426 1002 1490 τίθεται
1024 1426 1127 1511 μόνη.

68 1527 88 1589 2
104 1527 299 1612 ἐλογιζόμην
323 1523 397 1612 οὖν,
419 1528 471 1593 ὅτι
495 1552 551 1612 μοι
571 1534 699 1595 πολλοῦ
717 1527 772 1594 καὶ
790 1537 850 1594 τοῦ
868 1531 991 1605 παντὸς
1009 1530 1128 1613 δεήσει

102 1635 218 1710 πιστὸς
246 1629 332 1700 είναι
360 1634 378 1700 ὁ
408 1636 521 1717 λόγος,
554 1636 585 1699 εί
613 1644 773 1701 τοσοῦτον
804 1638 888 1720 ἔφην
916 1636 1039 1720 μόνον,
1072 1637 1128 1704 ὅτι

104 1747 256 1824 παρήκαν
281 1739 315 1805 οί
335 1743 501 1826 πατρίκιοι
524 1751 593 1817 τοῖς
616 1741 805 1824 δημοτικοῖς
827 1743 888 1826 τήν
911 1739 1040 1806 ἑαυτῶν
1063 1744 1165 1812 δυ-14

64 1870 89 1910 ιι
103 1849 271 1930 ναστείαν,
289 1843 345 1911 καὶ
364 1844 440 1924 ἐξὸν
458 1845 570 1923 αὐτοῖς
587 1846 623 1912 έν
640 1844 871 1934 ἀριστοκρατίᾳ
884 1849 1126 1917 πολιτεύεσθαι

102 1955 161 2019 τὸν
189 1954 297 2036 δῆμον
326 1951 486 2036 ἐποίησαν
512 1963 579 2017 τῶν
607 1951 780 2036 μεγίσταν
793 1952 927 2037 κύριον,
953 1950 1000 2019 δι’
1021 1953 1062 2031 ἀς
1084 1953 1127 2023 δὲ

103 2060 322 2144 συνεχωρήθη
345 2056 437 2123 ταῦτ’
459 2061 565 2136 αίτίας
584 2057 781 2144 παρέλιπον·
805 2058 861 2124 διά
879 2057 968 2126 τοῦτ’
987 2059 1127 2146 ἐπεξῆλ-

67 2165 170 2230 3θον
198 2163 333 2240 ἁπάσας.
378 2162 434 2229 καί
457 2163 571 2249 έπειδή
595 2164 655 2250 οὐχ
680 2164 794 2242 ὅπλοις
816 2164 980 2248 ἀλλήλους
1002 2170 1128 2251 βιασά-

101 2293 197 2354 μενοι
230 2268 285 2335 καὶ
314 2272 662 2357 προσαναγκάσαντες,
694 2271 778 2338 ἀλλά
808 2274 920 2354 λόγοις
947 2276 1126 2355 πείσαντες

63 2403 90 2443 ιο
104 2377 334 2461 μεθήρμοσαν,
351 2379 474 2454 παντὸς
492 2373 621 2461 μάλιστ’
640 2375 822 2460 ἀναγκαῖον
839 2377 1014 2464 ἡγησάμην
1033 2377 1125 2449 εἶναι

101 2483 180 2558 τοὺς
207 2484 327 2565 λόγους
355 2482 465 2548 αὐτῶν
493 2482 692 2566 διεξελθεῖν,
721 2474 770 2560 οἷς
792 2480 858 2549 τότ’
883 2485 918 2550 ολ
938 2487 1124 2554 δυναστεύ-

102 2606 219 2665 σαντες
241 2586 279 2653 έν
303 2586 468 2675 ἑκατέροις
491 2589 681 2675 ἐχρήσαντο.
726 2590 936 2674 θαυμάσαιμι
960 2589 992 2656 δ’
1012 2593 1069 2677 άν,
1091 2601 1128 2662 εί

100 2717 189 2771 τινες
218 2695 276 2771 τὰς
306 2693 342 2759 έν
372 2706 441 2771 τοῖς
470 2693 626 2779 πολέμοις
655 2695 787 2780 πράξεις
818 2694 961 2782 ἀκριβῶς
990 2703 1122 2766 οἴονται

102 2803 174 2866 δεῖν
198 2800 416 2887 ἀναγράφειν,
438 2799 493 2867 καὶ
515 2799 591 2886 περὶ
614 2806 694 2886 μίαν
717 2805 807 2867 έστιν
830 2802 884 2868 ὅτε
907 2803 1016 2888 μάχην
1039 2811 1122 2872 πολ-

59 2934 86 2975 ει
101 2910 181 2984 λοὺς
207 2907 426 2974 ἀναλίσκουσι
454 2911 591 2992 λόγους,
618 2911 729 2973 τόπων
751 2932 785 2974 τε
808 2911 925 2994 φύσεις
946 2907 1002 2974 καὶ
1026 2912 1120 2979 ὁπλι-

101 3024 193 3098 σμῶν
227 3014 392 3099 ίδιότητας
422 3013 478 3080 καὶ
509 3014 634 3093 τάξεων
666 3017 809 3099 τρόπους
839 3013 895 3081 καὶ
924 3030 1119 3105 στρατηγῶν

99 3121 321 3204 παρακλήσεις
346 3119 401 3186 καὶ
423 3115 526 3186 τάλλα
550 3121 727 3200 διεξιόντες
750 3122 812 3187 ὅσα
833 3131 891 3207 τής
913 3124 1007 3208 νίκης
1031 3131 1120 3191 αίτια

171 3317 187 3364 6
211 3312 297 3379 αὐτῆς
320 3329 343 3368 ο.
363 3311 485 3384 Sylburg
557 3320 589 3367 13
614 3313 629 3367 δ
654 3313 750 3368 om.B
773 3315 777 3382 1
803 3312 840 3385 εί]
866 3310 898 3369 ού
917 3314 994 3368 ABb
1020 3317 1053 3372 ού
1071 3317 1118 3371 Ba

101 3387 134 3435 14
152 3381 329 3455 παρή<κ>αν
347 3384 371 3437 Β
431 3391 463 3439 17
482 3383 638 3456 παρέλιπον
657 3388 761 3454 μᾶλλον
780 3384 812 3440 δὲ
831 3385 880 3440 διὰ
898 3393 981 3440 τούτο
999 3388 1025 3441 Α
1082 3394 1116 3444 20

99 3452 316 3525 μεθηρμόσαντο
337 3472 358 3510 ο.
376 3454 481 3509 Reiske
553 3462 587 3510 23
607 3454 656 3518 τὰς
675 3455 726 3525 μὲν
745 3455 834 3511 Cobet
853 3457 918 3514 Obs.
936 3475 964 3526 p.
985 3463 1035 3512 151
