2424 3848
493 204 661 257 -υ-
883 165 886 169 ’
1018 202 1084 268 389

71 365 129 441 τδις
146 364 262 449 πύλας,
285 366 352 449 ἅμα
370 375 439 442 τοῖς
458 364 687 450 ἀκμαιοτάτοις
705 362 916 451 ἐκτρέχουσιν
935 362 988 441 ἐπὶ
1006 367 1085 442 τούς

70 472 258 555 πολεμίους,
281 466 352 536 κατ’
375 471 473 556 ἀμφω
496 494 531 536 τε
553 471 594 535 τδι
617 469 699 558 μέρη
723 480 780 555 τῆς
797 475 986 557 προσβολῆς
1005 487 1085 557 συρ-

72 575 227 663 ράξαντες
263 576 375 655 αὐτοῖς
412 573 634 663 ἀποτρέπουσι
666 579 744 654 τούς
777 575 1007 661 ἐπιβαίνοντας
1037 586 1083 665 τῷ

70 683 198 770 χάρακι.
235 692 358 770 τροπῆς
380 678 418 748 δὲ
441 679 620 767 γενομένης
640 683 658 749 ό
677 679 738 768 μὲν
756 683 879 761 ύπατος
897 680 947 749 ἐπ’
970 684 1120 766 όλίγονὸ

72 788 191 867 διώξας
212 791 291 867 τοὺς
312 786 390 854 καθ’
417 786 536 855 ἑαυτὸν
561 788 803 874 [τεταγμένους]
829 787 1042 876 ἀνέστρεψεν·
1066 789 1085 855 ὁ
1112 807 1125 850 τ

72 893 102 960 δ’
134 895 278 981 ἀδελφὸς
309 895 412 962 αύτού
441 893 497 960 καὶ
526 897 729 982 πρεσβευτής
758 898 908 973 Πόπλιος
940 897 1086 984 Φούριος

22 1002 136 1070 mim&
169 1003 312 1086 λήματός
343 1024 378 1066 τε
408 998 463 1067 καὶ
492 1003 682 1087 προθυμίας
710 1004 894 1088 φερόμενος
923 1001 999 1088 ἀχρι
1028 1010 1086 1086 τής

70 1109 282 1193 παρεμβολῆς
308 1115 376 1171 τών
398 1108 564 1190 πολεμίων
587 1108 688 1191 ήλασε
712 1108 843 1172 διώκων
866 1105 979 1172 τεκαὶ
1001 1111 1085 1172 κτεί-

71 1237 150 1278 νων.
199 1207 286 1296 ἦσαν
320 1207 357 1276 δὲ
389 1213 451 1279 δύο
482 1223 613 1298 σπεῖραι
641 1210 717 1301 περὶ
747 1213 849 1279 αὐτὸν
880 1212 921 1279 οὐ
951 1215 1086 1290 πλείους

72 1316 207 1405 ἀνδρῶν
235 1319 370 1403 ἔχουσαι
395 1322 521 1405 χιλίων.
566 1327 666 1386 τοῦτο
689 1322 854 1404 μαθόντες
877 1320 913 1385 ol
932 1316 1085 1404 πολέμιοι
1098 1339 1125 1380 ιο

70 1422 146 1511 περὶ
168 1428 452 1511 πεντακισχιλίους
474 1425 616 1510 μάλιστα
635 1429 821 1511 γενόμενοι,
842 1435 1011 1513 χωροῦσιν
1030 1422 1081 1491 ἐπ’

71 1532 173 1598 αὐτὸν
193 1530 229 1597 ἐκ
246 1541 308 1597 τοῦ
325 1531 480 1618 χάρακος·
499 1528 554 1596 καὶ
573 1526 667 1598 οὗτοι
685 1528 746 1617 μέν
766 1531 798 1610 ἐξ
818 1530 970 1609 ἐναντίας
983 1547 1086 1618 προσ-

69 1633 189 1724 ήισαν,
227 1639 335 1714 ίππεϊς
368 1633 399 1703 δ’
437 1637 547 1703 αύτών
581 1638 692 1728 κύκλῳ
721 1639 974 1723 περιελάσαντες
1003 1639 1086 1704 κατὰ

70 1746 179 1810 νώτου
202 1754 272 1821 τοῖς
289 1742 460 1827 Ῥωμαίοις
483 1741 684 1829 ἐφίστανται.
720 1746 826 1834 τούτῳ
848 1746 890 1829 δὴ
909 1751 955 1833 τῷ
974 1747 1120 1833 τρόπμό

70 1847 298 1926 κυκλωθέντες
323 1845 379 1914 ὑπ’
407 1849 517 1915 αὐτῶν
545 1850 581 1916 οί
606 1853 669 1916 σύν
696 1858 742 1938 τῷ
766 1852 905 1940 Ποπλίῳ
930 1848 986 1917 καὶ
1009 1851 1085 1937 δίχα
1099 1871 1125 1912 ιε

71 1968 139 2023 τῶν
173 1953 343 2042 σφετέρων
374 1954 639 2041 ἀποληφθέντες,
672 1955 746 2036 ἐξὸν
778 1957 891 2034 αὐτοῖς
923 1957 1085 2035 σώζεσθαι

70 2064 259 2149 παραδοῦσι
277 2063 317 2126 τδι
330 2061 429 2128 ὅπλα·
447 2061 699 2149 προύιιαλούντο
713 2063 775 2149 γὰρ
790 2063 911 2139 αὐτοὺς
925 2065 972 2140 είς
984 2072 1084 2128 τοῦτο

72 2170 108 2235 οί
134 2164 286 2253 πολέμιοι
315 2165 371 2234 καὶ
400 2166 475 2255 περὶ
502 2173 630 2234 πολλοῦ
658 2168 832 2235 ἐποιοῦντο
860 2171 987 2254 χιλίους
1008 2166 1085 2233 Ῥω-

71 2277 179 2360 μαίων
201 2277 280 2353 τοὺς
303 2274 458 2362 ἀρίστους
479 2275 705 2361 αἰχμαλώτους
716 2278 850 2359 λαβεῖν,
873 2274 917 2351 ώς
935 2274 991 2339 διὰ
1009 2274 1085 2339 τού-

70 2405 139 2448 των
161 2383 330 2460 διαλύσεις
352 2381 572 2468 εὑρησόμενοι
593 2381 696 2458 ααλδς
717 2391 779 2447 τοῦ
801 2378 960 2465 πολέμου·
988 2402 1085 2446 κατα·
1098 2401 1125 2442 ιο

71 2490 298 2575 φρονήσαντες
333 2487 443 2553 αύτών
480 2484 535 2553 καλ
570 2487 896 2574 παρακελευσάμενοι
930 2486 1086 2571 ἀλλήλοις

22 2589 176 2677 ττσμηδέν
199 2591 335 2671 ἀνάξιον
357 2591 479 2681 πρᾶξαι
499 2602 557 2679 τῆς
574 2596 712 2677 πόλεως,
735 2596 915 2679 μαχόμενοι
933 2591 988 2658 καὶ
1005 2598 1085 2659 πολ-

72 2702 152 2776 λοὺς
184 2696 435 2778 ἀποκτείναντες
466 2710 534 2767 τῶν
564 2703 732 2785 πολεμίων
764 2701 905 2777 ἅπαντες
936 2699 1085 2783 ἀποθνή-

71 2821 218 2873 σκονσιν.

136 2911 273 2977 LXIIII.
309 2909 580 3000 Διαφθαρέντων
608 2909 645 2979 δὲ
672 2914 800 2980 τούτων
829 2909 1028 3000 ἐπαρθέντες
1051 2911 1087 2978 οί
1097 2930 1124 2972 ιο

70 3017 213 3086 Αίκανολ
236 3027 281 3107 τῷ
305 3022 527 3108 προτερήματι
550 3027 703 3107 παρῆσαν
723 3017 776 3085 ἐπὶ
794 3022 853 3086 τὸν
871 3020 999 3107 χύρακα
1016 3027 1084 3083 τών

64 3124 250 3212 Ῥωμαίων,
276 3129 339 3210 τήν
360 3150 396 3194 τε
418 3137 478 3195 τοῦ
501 3130 656 3195 Ποπλίου
679 3126 827 3212 κεφαλήν
850 3124 903 3191 ἐπὶ
928 3126 1084 3211 δορατίου

141 3316 449 3393 2ου<ρρύ>ξαντεςΒ
523 3316 742 3389 ὅτεταημένονς
760 3317 856 3372 om.B
882 3317 886 3383 Ι
912 3313 1083 3386 ἀνέστρεφεν

71 3388 142 3459 ἔχων
160 3391 186 3443 A
258 3397 273 3445 ‘1
293 3388 434 3460 λήμματος
451 3389 499 3443 Bb
520 3392 525 3461 Ι
545 3409 574 3445 τε
593 3406 646 3445 om.
665 3390 689 3443 B
710 3391 714 3459 Ι
735 3384 923 3459 ἐκφερόμενος
941 3402 964 3441 ο.
979 3385 1083 3442 Reiske

71 3466 105 3515 16
124 3458 347 3531 ἀπολειφθέντες
365 3463 389 3516 Α
