2424 3848
530 214 698 263 -Η-
872 309 873 312 ¹
1060 211 1120 276 181

107 370 190 440 οῦδὲ
223 372 353 450 τούτοις
386 375 508 440 ἔδωκεν
537 373 555 438 ὁ
582 374 736 460 Μάρκιος
763 373 939 460 ἀπόκρισιν
966 370 1048 460 ὑπὲρ
1077 368 1125 440 ὧν

105 478 244 566 ἠξίουν,
275 475 347 546 ἀλλ’
383 479 404 563 ἢ
436 481 475 545 τά
510 483 710 566 κελευόμενα
740 492 849 546 ποιεῖν
882 482 1125 564 συνεβούλευεν

109 585 286 670 ἀπιόντας,
309 587 341 650 εί
361 584 523 657 θέλουσιν
546 588 683 674 εἰρήνην
706 588 816 671 ἀνειν,
838 586 859 671 I}
881 585 1125 673 προσδέχεσθαι

106 696 170 761 τὸν
197 696 345 778 πόλεμον
371 691 492 777 ήξοντα
519 696 602 780 πρὸς
628 693 689 776 τήν
716 697 832 778 πόλιν,
859 691 914 759 καλ
941 696 978 760 τὸ
1007 697 1125 762 λοιπὸν

107 800 226 867 ἀντεῖπε
255 800 299 885 μή
330 797 544 883 διαλέγεσθαι
571 801 665 887 πρὸς.
681 801 793 866 αὐτόν.
839 800 884 878 ὡς
912 798 949 866 δὲ
971 800 1026 868 καὶ
1048 786 1165 902 ταῦ-3ὁ

107 931 168 991 της
195 905 359 992 ἀπέτυχον
387 915 445 990 τής
471 909 586 992 πείρας
614 906 649 972 οί
671 903 840 991 Ῥωμαῖοι,
871 918 981 975 πᾶσαν
1009 909 1127 976 ἐλπίδα

108 1015 291 1104 διαλλαγῆς
314 1011 516 1098 ἀπογνόντες
538 1014 583 1091 ὡς
604 1017 902 1100 πολιορκησόμενοι
924 1018 1127 1101 παρεσκευά-

110 1123 205 1200 ζοντο
228 1122 306 1197 τοὺς
332 1116 394 1205 μέν
416 1119 654 1206 ἀκμαιοτάτους
675 1121 741 1187 ὑπὸ
763 1131 803 1207 τῇ
826 1122 942 1211 τάφρῳ
960 1120 1016 1188 καλ
1038 1124 1126 1209 παρὰ

108 1237 181 1304 ταῖς
207 1227 328 1305 πύλαις
349 1225 527 1314 μάξαντες,
553 1230 632 1305 τοῦς
659 1225 689 1293 δ’
716 1225 914 1313 ἀραμένους
941 1230 1005 1314 ήδη
1030 1245 1127 1316 στρα-

30 1336 209 1417 1694τείας,
228 1325 279 1409 οἷς
299 1334 346 1398 ἔτι
366 1334 558 1419 τὰσώματα
578 1334 673 1400 ίκανά
691 1329 734 1418 ήν
751 1339 968 1421 κακοπαθεῖν,
987 1333 1041 1402 ἐπὶ
1058 1346 1127 1412 τοϊς
1142 1359 1166 1400 ιο

109 1442 260 1526 τείχεσιν.
786 1485 789 1490 -

177 1545 377 1613 XXXVIIII.
410 1548 460 1611 Αλ
480 1543 517 1612 δὲ
534 1558 689 1631 γυναῖκες
707 1548 829 1633 αὐτῶν,
851 1547 896 1627 ὡς
914 1547 1013 1633 έχχὺς
1031 1549 1127 1626 όντος

108 1654 173 1737 ήδη
197 1661 257 1719 τοῦ
281 1654 408 1739 δεινοῦ,
431 1658 668 1720 καταλιποῦσαι
695 1663 754 1739 τής
777 1662 862 1723 οίκοι
886 1665 990 1741 μονῆς
1012 1658 1049 1722 τὸ
1073 1654 1126 1720 εῦ-

107 1755 230 1843 πρεπλς
257 1762 357 1826 ἔθεον
385 1757 438 1827 ἐπὶ
465 1762 505 1825 τά
535 1759 652 1845 τεμένη
676 1773 743 1827 τῶν
765 1768 857 1829 θεῶν
876 1763 1130 1849 «ὀλοφυρόμεναί

108 1888 144 1930 τε
167 1862 223 1930 καὶ
245 1870 505 1953 προκυλιόμεναι
534 1878 601 1933 τῶν
627 1866 771 1947 ξοάνων·
799 1866 855 1934 καί
882 1864 926 1953 ήν
952 1871 1039 1946 άπας
1064 1865 1126 1953 μὲν
1140 1891 1165 1933 15

111 1971 200 2058 ίερὸς
225 1975 327 2050 τόπος
354 1975 500 2059 οίμωγής
526 1998 561 2040 τε
593 1972 648 2040 καί
677 1976 815 2052 ίκετείας
846 1986 1015 2059 γυναικῶν
1046 1973 1126 2040 ἀνά-

108 2081 232 2162 πλεως,
265 2078 405 2165 μάλιστα
433 2075 470 2144 δὲ
502 2081 540 2145 τὸ
571 2090 632 2146 τοῦ
664 2083 880 2147 Καπετωλίου
908 2082 992 2157 Διὸς
1024 2081 1125 2166 ίερόν.

110 2185 196 2250 ἔνθα
223 2186 266 2269 δή
293 2208 343 2262 τις
370 2185 479 2252 αὐτῶν
502 2185 592 2270 γένει
615 2209 649 2252 τε
672 2184 727 2251 καὶ
750 2184 908 2272 ἀξιώματι
930 2188 1158 2273 προῦχουσα2

109 2288 165 2356 καὶ
192 2290 321 2374 ἡλικίας
348 2291 385 2358 ἐν
412 2300 457 2382 τῷ
485 2295 647 2383 κρατίστω
674 2289 743 2358 τότ’
772 2288 856 2359 οὖσα
878 2292 934 2359 καὶ
957 2303 1124 2380 φρονῆσαι

109 2398 149 2461 τά
168 2395 287 2464 δέοντα
307 2398 501 2484 ίκανωτάτη,
526 2399 691 2485 Οὐαλερία
709 2396 770 2484 μὲν
789 2402 906 2485 ὄνομα,
928 2406 1123 2470 Ποπλικόλα
1137 2427 1163 2467 ιο

110 2500 147 2568 δὲ
167 2513 228 2571 τοῦ
246 2507 600 2591 συνελευθερώσαντος
613 2504 677 2572 ἀπὸ
691 2516 758 2572 τῶν
771 2505 936 2591 βασιλέων
949 2509 1010 2592 τήν
1023 2511 1123 2574 πόλιν

110 2609 256 2696 ἀδελφή,
289 2615 373 2701 θείω
407 2610 474 2677 τινὶ
508 2614 735 2698 παραστήματι
770 2619 945 2697 κινηθεῖσα
981 2611 1034 2678 ἐπὶ
1066 2623 1124 2698 τής

110 2715 266 2782 ἀνωτάτω
294 2719 454 2803 κρηπῖδος
480 2721 557 2804 ἔστη
584 2729 644 2786 τοῦ
666 2718 731 2785 νεὼ
754 2717 810 2785 καὶ
832 2718 1122 2805 προσκαλεσαμένη

109 2823 167 2899 τάς
199 2824 301 2900 ἀλλας
332 2835 492 2908 γυναῖκας
522 2837 654 2911 πρῶτον
685 2821 746 2910 μὲν
777 2828 1035 2913 παρεμυθήσατο
1067 2829 1123 2893 καλ

109 2930 366 3017 παρεθάρρυνεν
396 2928 533 3009 ἀξιοῦσα
562 2932 606 3016 μή
636 2935 906 3016 καταπεπλῆχθαι
933 2933 970 2997 τὸ
994 2933 1121 2999 δεινόν·
1135 2958 1162 3000 ω

110 3037 221 3101 ἔπειτα
243 3034 402 3122 ὑπέσχετο
421 3040 501 3122 μίαν
521 3033 608 3104 εἶναι
631 3042 792 3124 σωτηρίας
816 3038 933 3104 ἐλπίδα
955 3048 994 3125 τῇ
1017 3041 1122 3122 πόλει,

37 3143 233 3227 Ἰσοσταάτην
256 3139 286 3208 δ’
311 3135 348 3207 έν
372 3142 486 3221 αὐταῖς
505 3138 591 3210 εἶναι
609 3147 727 3229 μόναις
750 3145 1040 3232 καταλειπομένην,
1064 3143 1122 3211 ἐὰν

183 3410 304 3476 ὅμη..
322 3447 350 3460 ..
483 3407 718 3498 8ῦττὸτάφρήτ
720 3403 1121 3465 οιωΟέπλττοὸἰολοοὶε

108 3476 170 3532 Em
190 3475 272 3533 Dion.
291 3448 331 3531 III
346 3405 392 3531 15B
398 3477 453 3548 πρὸ
471 3477 573 3547 τήςτά
574 3497 648 3548 φρου
661 3463 736 3536 Pron
811 3487 842 3536 13
862 3479 1121 3536 καταλείπουσαιΒ
