2424 3848
126 212 190 278 102
547 216 708 264 -Ζ-

124 372 418 460 διαριθμουμένων
449 385 516 440 τῶν
548 377 671 459 ψήφων
703 373 744 438 οὐ
774 371 858 458 μέγα
886 374 923 438 τὸ
954 372 1146 458 διάλλαγμα

124 481 238 567 ἐφάνη.
281 491 357 566 μιᾶς
380 483 442 567 γάρ
465 479 520 547 καί
543 487 647 546 είκοσι
670 483 743 546 τότε
766 485 884 564 φυλῶν
904 480 1028 565 οὐσῶν,
1050 471 1104 556 οἷς
1122 479 1211 564 ἡιεοε

123 597 235 673 ψῆφος
258 586 417 671 ἀνεδόθη,
440 588 497 663 τάς
519 585 730 662 ἀπολυούσας
752 586 861 671 φυλάς
883 587 978 671 ἔσχεν
1001 586 1021 652 6
1044 585 1146 672 Μάρ-

124 716 194 771 κιος
222 691 332 758 έννέα·
363 689 440 758 ὥστ’
467 695 499 757 εί
521 694 583 758 δύο
606 696 801 777 προσῆλθον
823 691 913 780 αὐτῷ
936 695 1056 776 φυλαί,
1086 693 1211 760 διάιιοι

99 801 188 883 ετην
212 801 396 884 ἰσοψηφίαν
419 796 588 865 ἀπελέλυτ’
613 799 668 883 ἀν,
691 799 800 884 ὥσπερ
823 799 842 865 6
864 801 968 883 νόμος
989 796 1097 883 ἠξίου.

191 905 291 971 LXV.
328 905 422 990 Αὕτη
451 907 563 992 πρώτη
590 899 660 971 κατ’
687 905 810 991 ἀνδρὸς
836 909 1012 991 πατρικίου
1037 907 1145 990 πρόσ-

124 1017 239 1096 κλησις
262 1014 310 1090 είς
331 1014 390 1078 τὸν
415 1014 522 1098 δῆμον
546 1009 675 1095 ἐγένετο
700 1011 753 1078 ἐπὶ
776 1014 862 1100 δίκη.
902 1009 958 1078 καλ
980 1009 1036 1077 ἀπ’
1060 1010 1146 1078 ἐκεί-

124 1142 187 1184 νου
224 1128 284 1184 τοῦ
321 1122 445 1204 χρόνον
477 1130 546 1196 τοῖς
577 1118 718 1203 ὕστερον
750 1120 957 1203 λαμβάνουσι
988 1119 1050 1200 τὴν
1083 1128 1146 1185 τοῦ

126 1226 233 1309 δήμου
256 1229 460 1310 προστασίαν
483 1227 562 1301 ἔθος
585 1222 721 1309 κατέστη
740 1229 854 1290 καλεῖν
873 1223 932 1301 οὓς
950 1222 1056 1303 δόξειε
1075 1234 1147 1290 τῶν

84 1360 111 1399 10
125 1337 269 1398 πολιτῶν
293 1333 390 1416 δίκην
413 1329 595 1416 ὑφέξοντας
618 1329 671 1395 έπλ
693 1341 753 1397 τοῦ
777 1332 898 1415 δήμου·
921 1328 978 1396 καὶ
1000 1329 1146 1396 ἐνθένδε

125 1436 307 1523 ἀρξάμενος
339 1438 357 1504 6
391 1439 495 1522 δῆμος
527 1440 615 1523 ἤρθη
648 1435 764 1522 μέγας,
794 1436 815 1520 ἡ
846 1434 877 1501 δ’
908 1435 1147 1522 ἀριστοκρατία

124 1545 231 1609 πολλά
257 1554 319 1609 τοῦ
346 1543 485 1629 ἀρχαίου
513 1543 695 1628 ἀξιώματος
717 1541 859 1628 ἀπέβαλε
881 1547 1005 1628 βουλῆς
1026 1565 1063 1607 τε
1088 1566 1147 1628 με-

125 1647 232 1735 τέχειν
251 1647 471 1734 ἐπιτρέπουσα
494 1662 563 1726 τοῖς
586 1651 774 1734 δημοτικοῖς
795 1648 976 1743 καλσάρχάς
995 1647 1211 1733 μετιέναιιεοε

127 1765 344 1841 συγχωροῦσα
368 1756 468 1841 ίερῶν
489 1779 524 1821 τε
546 1760 747 1841 προστασίας
770 1756 951 1840 λαμβάνειν
974 1754 1016 1821 οὐ
1033 1757 1146 1823 κωλύ-

85 1889 112 1930 15
127 1879 210 1927 ουσα
233 1859 288 1927 καλ
310 1861 373 1927 ὅσα
396 1863 480 1925 ἀλλα
501 1863 679 1947 τιμιώτατα
701 1856 744 1945 ην
767 1859 822 1927 καὶ
846 1863 915 1927 ίδια
936 1872 1004 1927 τῶν
1026 1883 1146 1949 πατρι-

125 1972 208 2034 κίων
235 1972 349 2052 μόνων
376 1969 478 2034 ἀπασι
500 1965 745 2053 κοινωσαμένη,
771 1969 812 2033 τά
834 1964 895 2053 μέν
918 1964 974 2033 ὑπ’
997 1967 1147 2054 ἀνάγκης

125 2099 159 2141 τε
182 2074 237 2140 καί
260 2077 398 2159 άκονσα,
420 2076 461 2140 τά
485 2072 514 2140 δ’
538 2073 574 2139 έκ
597 2079 756 2161 προνοίας
777 2072 885 2140 τεκαὶ
904 2077 1035 2159 σοφίας,
1057 2072 1146 2162 ὑπὲρ

87 2176 174 2255 2ὧν
192 2183 273 2246 κατά
291 2184 350 2248 τὸν
370 2183 494 2248 οίκείον
511 2183 629 2266 καιρὸν
648 2181 720 2266 έρω.
752 2191 850 2247 τοῦτο
870 2179 982 2266 μέντοι
999 2183 1037 2248 τὸ
1053 2185 1146 2268 ἔθος,

128 2284 225 2371 [λέγω
250 2285 299 2369 δὲ]
323 2292 362 2354 τὸ
384 2293 558 2353 καλεῖσθαι
580 2291 659 2365 τοὺς
682 2286 719 2353 έν
741 2297 780 2374 τῇ
803 2291 897 2354 πόλει
920 2288 1146 2356 δυναστεύον-

83 2420 113 2460 εο
127 2417 185 2470 τας
207 2392 260 2459 ἐπί
284 2396 397 2480 δίκην,
421 2390 460 2478 ἧς
483 2395 501 2461 6
526 2396 629 2479 δῆμος
652 2393 778 2478 ἐγίνετο
801 2396 931 2479 κύριος,
953 2395 1080 2471 πολλάς
1102 2395 1147 2461 ἀν

126 2501 289 2587 παράσχοι
322 2504 432 2585 λέγων
464 2501 616 2587 ἀφορμάς
643 2512 712 2578 τοῖς
739 2500 887 2566 ἐπαινεῖν
914 2500 995 2566 αὐτὸ
1023 2503 1148 2584 βουλο-

127 2605 240 2692 μένοις
258 2607 279 2692 ἣ
297 2605 420 2691 ψέγειν.
453 2605 570 2674 πολλοὶ
589 2603 651 2692 μὲν
669 2608 732 2693 γάρ
750 2609 814 2692 ἤδη
833 2603 928 2673 καλοί
945 2604 1002 2671 καὶ
1019 2606 1148 2690 ἀγαθοὶ

127 2715 247 2799 ἀνδρες
272 2714 333 2780 οὐκ
356 2713 431 2792 ἀξια
453 2723 510 2798 τῆς
533 2713 649 2799 ἀρετῆς
672 2716 816 2797 ἔπαθον,
845 2716 987 2799 αίσχρῶς
1009 2711 1066 2778 καὶ
1087 2737 1148 2780 κα-

127 2832 192 2898 κῶς
215 2823 273 2899 τάς
294 2823 401 2908 ψυχάς
423 2822 489 2887 ὑπὸ
508 2833 575 2886 τῶν
594 2821 773 2906 δημάρχων
792 2817 1041 2906 ἀφαιρεθέντες·
1065 2826 1149 2887 πολ-

84 2954 114 2996 ετ
128 2926 181 2994 λολ
215 2926 244 2995 δ’
276 2928 436 3004 αὐθάδεις
463 2924 518 2992 καὶ
545 2925 741 3012 τυραννικοὶ
766 2930 844 3004 τοὺς
871 2929 1014 3012 τρόπους
1042 2930 1148 3011 λόγον

199 3056 215 3104 2
240 3050 274 3104 de
296 3049 422 3104 tribuum
446 3065 561 3103 numero
580 3048 653 3103 falso
673 3065 691 3103 a
707 3047 843 3117 Dionysio
861 3048 952 3102 relato
971 3047 1006 3102 cf.
1026 3047 1148 3104 Momm-

129 3137 226 3174 senum
245 3121 280 3174 de
299 3119 439 3174 Tribubus
457 3138 484 3189 p.
504 3127 520 3174 9
540 3122 570 3174 et
589 3119 798 3189 Schweglerum
815 3118 889 3174 Hist.
909 3119 989 3174 Rom.
1005 3119 1032 3173 II
1050 3137 1077 3189 p.
1094 3125 1148 3176 352

128 3198 145 3246 5
168 3190 298 3247 ἀπελύετ’
321 3193 343 3247 Ο
366 3188 511 3246 ἀπελέλυτ’
538 3190 628 3246 Cobet
652 3191 716 3245 obs.
741 3209 768 3260 p.
790 3196 840 3245 150
914 3199 929 3244 6
952 3189 1149 3260 πρόκλησιςΟ

128 3278 198 3317 corr.
217 3262 320 3352 Reisgze
389 3262 473 3344 τινί
491 3261 598 3343 αδδΒ
668 3266 700 3315 10
719 3262 775 3351 ἀπὸ
795 3262 817 3316 0
838 3256 885 3316 ἐπὶ
903 3260 1049 3332 Kiessling
1116 3269 1150 3318 14

127 3335 366 3485 6616666666665
375 3333 637 3474 66016663361116÷sling
656 3330 965 3474 19268666'9‘6666661633
980 3335 1150 3461 οἳῖάθὺᾶἀοξ

128 3476 230 3546 berger
248 3474 412 3544 Phssologus
433 3481 467 3530 28
486 3479 578 3545 (1869)
596 3493 624 3544 p.
644 3481 695 3530 547
