2424 3848
514 162 679 211 ..Η-

88 322 233 405 διέμενε·
264 332 336 397 ταῖς
358 313 388 385 δ’
416 317 489 405 ἑξῆς
510 318 647 407 ήμέραις
668 322 822 407 φρουρὰν
844 323 1103 406 περιστήσαντος

87 438 151 495 τοῦ
174 427 302 493 ὑπάτου
326 437 371 515 τῷ
396 430 488 515 λόφφ
511 425 566 492 καὶ
589 428 696 505 πάσας
719 429 967 504 διακλείσαντος
990 427 1105 504 ὅπλοις

88 536 148 612 τάς
180 533 332 618 ἐξόδους,
368 539 453 621 λιμῷ
490 529 632 617 βιασθὲν
668 534 861 621 ὑποχείριον
893 537 1018 617 γίνεται
1049 531 1105 600 καὶ

88 641 299 726 παραδίδωσι
322 642 361 705 τὰ
384 640 478 705 ὅπλα.
524 640 542 706 ὁ
567 637 597 705 δ’
623 640 747 718 ὑπατος
769 643 829 724 τήν
852 664 886 705 τε
909 643 1014 725 λείαν,
1043 640 1141 727 ὅσή4

90 746 243 833 ἐπέτυχε,
275 745 331 813 καὶ
357 747 397 812 τδι
425 747 558 833 λάφυρα
585 744 640 812 καὶ
667 750 745 824 τοὺς
772 749 998 832 αἰχμαλώτους
1025 746 1106 813 ἀπο·
1132 772 1146 814 ι

91 856 218 920 δόσθαι
240 855 397 932 κελεύσας
419 865 488 931 τοῖς
509 858 653 938 ταμίαις,
676 855 724 931 είς
742 856 802 939 τῆν
821 856 920 920 πόλιν
943 853 1106 940 ἀπήνεγκε

91 964 130 1026 τὸ
161 959 332 1047 ἀργύριον.
382 957 437 1025 καὶ
464 956 532 1045 μετ’
566 961 606 1026 ού
634 963 742 1026 πολὺν
770 963 894 1045 χρόνον
921 958 1108 1045 ἀναστήσας

91 1069 156 1152 τήν
180 1068 325 1151 δύναμιν
347 1065 383 1132 ἐκ
405 1075 464 1151 τῆς
485 1068 645 1151 πολεμίας
666 1066 793 1151 ἀπῆγεν
812 1064 860 1132 ἐπ’
884 1073 980 1132 οίκου
998 1072 1108 1133 τελευ-

93 1183 218 1251 τῶντος
244 1175 308 1258 ήδῆ
336 1182 397 1239 τοῦ
425 1176 528 1251 ἔτους.
574 1173 778 1240 ἐπιστάντων
802 1171 839 1240 δὲ
865 1184 933 1238 τῶν
956 1172 1108 1259 ἀρχαιρε-

95 1284 178 1345 σίων
211 1279 303 1359 ἔδοξε
335 1291 406 1356 τοῖς
436 1284 621 1364 πατρικίοις
653 1278 878 1365 ἠρεθισμένον
910 1281 1012 1366 ὁρῶσι
1048 1282 1108 1346 τὸν
1123 1304 1149 1344 10

96 1388 204 1472 δῆμον
232 1384 289 1452 καὶ
318 1389 585 1471 μεταμελόμενον
614 1384 667 1453 ἐπὶ
696 1396 744 1478 τῆ,
759 1390 911 1452 Κασσίου
937 1387 1109 1472 καταδίκῃ,
1182 1458 1184 1464 ,

14 1495 153 1562 ιτιοδιδι
181 1498 331 1579 φυλακῆς
357 1491 459 1558 αὐτὸν
487 1494 590 1578 ἔχειν,
618 1495 662 1577 μή
689 1516 721 1557 τι
747 1496 980 1580 παρακινήσειε
1008 1494 1109 1560 πάλιν

97 1603 145 1677 είς
172 1601 346 1683 δεκασμῶν
373 1597 492 1664 ἐλπίδα
518 1597 574 1663 καί
600 1601 733 1684 κλήρων
761 1601 922 1685 διανομῆς
948 1599 1110 1685 ὑπαχθεὶς

97 1703 153 1773 ὑπ’
180 1705 303 1789 ἀνδρὸς
325 1706 561 1789 δημαγωγῆσαι
580 1706 727 1772 δυνατοῦ
745 1706 782 1770 τὸ
801 1715 858 1790 τῆς
879 1705 1036 1785 ὑπατείας
1054 1712 1110 1773 λα-

97 1815 218 1896 βόντος
247 1810 382 1895 ἀξίωμα.
435 1811 587 1896 ἐφαίνετο
621 1808 651 1876 δ’
679 1811 792 1888 αύτοίς
824 1811 928 1901 ῥᾷστα
956 1817 1111 1898 κωλυδή-
1125 1836 1152 1878 15

98 1925 221 1986 σεσδαι
247 1919 376 1983 τούτων
403 1920 494 1994 τινὸς
520 1919 735 2005 ὀρεγόμενος,
767 1921 798 1983 εί
826 1917 956 2003 γένοιτο
988 1921 1112 1998 ὑπατος
1164 1975 1166 1980 .

99 2024 185 2111 ἀνήρ
213 2025 330 2108 ήκιστα
357 2026 543 2109 δημοτικός.
587 2025 849 2110 βουλευσόμενοι
873 2028 1036 2110 δήτοῦτο
1059 2036 1146 2100 κε-5

99 2133 236 2199 λεύουσι
263 2130 409 2216 μετιέναι
439 2133 500 2214 τήν
528 2133 687 2198 ὑπατείαν
716 2135 775 2198 τὸν
802 2131 916 2218 ἕτερον
942 2143 1010 2198 τῶν
1036 2156 1112 2197 κατ-

99 2237 337 2325 ηγορησάντων
360 2247 419 2304 τοῦ
443 2241 605 2323 Κασσίου,
628 2241 787 2304 Καίσωνα
811 2239 942 2324 Φάβιον
965 2238 1113 2323 ἀδελφὸν

100 2347 182 2411 ὄντα
204 2353 265 2409 τοῦ
288 2347 360 2410 τότε
382 2345 606 2422 ὑπατεύοντος
628 2348 792 2429 Κοίντου,
818 2344 874 2410 καὶ
902 2345 938 2411 ἐκ
966 2356 1032 2410 τῶν
1056 2347 1113 2411 ἀλ·
1127 2371 1152 2411 ιο

100 2455 170 2515 λων
184 2454 366 2536 πατρικίων
379 2452 526 2516 Λεύκιον
539 2453 696 2535 Αἰμίλιον
710 2453 817 2536 ἀνδρα
831 2451 1113 2538 ἀριστοκρατικόν.

100 2557 228 2622 τούτων
252 2553 289 2622 δὲ
313 2561 493 2642 μετιόντων
510 2558 571 2641 τήν
592 2557 697 2644 ἀρχὴν
719 2560 862 2624 κωλύειν
884 2556 945 2644 μὲν
968 2558 1028 2643 οὐχ
1047 2550 1117 2625 οἷοί

101 2660 129 2727 τ’
152 2657 239 2746 ἦσαν
257 2664 292 2729 οί
313 2665 500 2748 δημοτικοί,Ι
517 2667 753 2742 καταλιπόντες
771 2662 808 2731 δέ
830 2667 887 2743 τὰς
907 2667 1115 2751 ἀρχαιρεσίας

102 2768 230 2859 ρ’ίχοντο
259 2768 295 2834 ἐκ
321 2779 380 2835 τοῦ
407 2772 534 2836 πεδίου.
580 2772 618 2837 τὸ
648 2772 712 2857 γὰρ
735 2781 792 2856 τῆς
814 2773 978 2857 λοχίτιδος
1000 2770 1149 2857 ἐκτελῆ-6

103 2879 176 2952 σίας
194 2885 296 2958 κῦρος
314 2875 351 2942 ἐν
368 2887 439 2954 ταῖς
456 2881 683 2963 ψηφοφορίαις
700 2876 776 2964 περὶ
798 2881 876 2956 τοὺς
899 2878 1115 2965 ἐπιφανεστοί-
1128 2901 1155 2943 ει

102 3005 182 3059 τους
204 2978 248 3066 ήν
271 2980 327 3047 καὶ
349 2985 389 3048 τά
412 2994 525 3070 πρῶτα
547 2986 711 3069 τιμήματα
734 2987 877 3071 ἔχοντας,
899 2983 955 3051 καὶ
974 2984 1115 3051 σπάνιόν

102 3112 134 3155 τι
157 3084 212 3174 ήν,
234 3089 252 3154 ὃ
276 3089 459 3176 ἐπεκύρουν
478 3091 513 3155 οί
533 3091 589 3155 διὰ
612 3089 727 3174 μέσου·
752 3091 770 3157 ὑ
794 3088 832 3156 δὲ
855 3096 1040 3168 τελευταῖος
1061 3094 1116 3157 λό-

177 3288 210 3336 13
230 3281 370 3350 διανομήν
398 3281 421 3336 0
450 3298 519 3336 corr.
543 3280 647 3336 Roiske
723 3288 755 3337 15
775 3277 855 3359 ῥᾷστ’
880 3281 917 3336 ἂν
935 3282 1009 3337 Prou
1082 3288 1116 3337 18

105 3358 232 3423 μετεῖναι
245 3352 298 3405 AB
370 3357 405 3407 23
424 3351 684 3426 ἀρχ<αι>ρεσίαςΒ
757 3360 791 3408 25
810 3353 889 3423 παρὰ
902 3359 960 3415 τοῖς
979 3349 1118 3423 ἐπιφανε·

105 3424 215 3486 στάτοις
233 3441 256 3477 c.
277 3423 379 3478 R-eiske
452 3431 486 3479 26
504 3424 539 3479 τὰ
557 3426 621 3480 add.
640 3425 663 3477 B
