2424 3848
127 165 194 229 334
550 165 716 218 -Θ-

126 327 185 392 τὸν
208 327 409 410 Σερουίλιον
436 326 631 409 καταλαβὼν
657 326 815 402 κίνδυνος
842 325 997 395 τοιούτου
1025 326 1145 406 τέλους

126 436 250 516 ἐτυχεν.

192 536 364 602 ΧΧΧΙΠΙ.
408 538 458 602 Οὐ
489 542 601 624 πολλῶ
632 534 662 602 ὃ
694 538 835 623 ὕστερον
864 539 974 626 χρόνῳ
1004 540 1144 623 στρατιά

120 641 291 728 Ρωμαίων
309 642 449 726 ἐξῆλθεν
467 640 521 709 ἐπὶ
540 645 771 728 Τυρρηνοὺς”
750 665 889 726 αχοντος
906 640 1055 774 θατέρου
1074 656 1143 711 τῶν

98 748 261 816 εὐπάτων
293 753 447 815 Ποπλίου
481 749 676 831 Οὐαλερίου.
722 748 862 833 συνέστη
895 751 959 834 γὰρ
990 745 1095 828 αὐθις
1121 750 1141 834 ἡ

128 855 340 921 Οὐιεντανῶν
364 857 504 939 δύναμις
521 854 762 941 προσθεμένων
781 856 894 932 αὐτοῖς
912 858 1086 940 Σαβίνων,
1110 861 1145 923 ολ

12 1037 15 1043 .
125 958 206 1038 τέως
237 961 412 1038 ὀκνοῦντες
444 961 556 1039 αὐτοῖς
587 963 798 1047 συνάρασθαι
826 971 887 1027 τοῦ
916 960 1065 1045 πολέμου
1098 963 1142 1039 ὡς

125 1065 300 1132 ἀδυνάτων
330 1064 530 1151 ἐφιεμένοις,
559 1065 640 1151 τότ’,
670 1067 783 1150 ἐπειδὴ
811 1068 872 1150 την
897 1088 933 1131 τε
960 1071 1183 1151 Μενηνίουιεε

124 1172 237 1257 φυγὴν
260 1175 410 1256 ἔγνωσαν
432 1170 487 1238 καὶ
509 1173 569 1237 τὸν
591 1171 812 1256 ἐπιτειχισμὸν
834 1183 895 1238 τοῦ
917 1175 1060 1257 πλησίον
1084 1182 1141 1258 τῆς

86 1305 112 1345 10
120 1276 243 1362 Ῥώμης
265 1281 377 1363 ὐρους,
400 1284 661 1344 τεταπεινῶσθαι
683 1281 878 1361 νομίσαντες
899 1278 957 1355 τάς
978 1301 1014 1344 τε
1039 1279 1141 1345 δυνά-

125 1407 197 1467 μεις
222 1386 280 1461 τάς
296 1382 465 1468 Ῥωμαίων
492 1382 548 1450 καὶ
574 1386 611 1450 τὸ
638 1388 794 1471 φρόνημα
816 1392 873 1468 τῆς
894 1386 1023 1461 πόλεως
1044 1385 1141 1468 ἡττῆ-

125 1497 224 1574 σθαι,
252 1491 505 1573 συνελάμβανον
531 1501 601 1568 τοῖς
628 1495 813 1576 Τυρρηνοῖς
835 1491 963 1574 πολλὴν
986 1489 1141 1556 ἀποστεί·

88 1600 240 1673 2λαντες
277 1597 429 1679 δύναμιν.
484 1597 520 1660 ολ
553 1593 591 1661 δέ
624 1593 822 1668 Οὐιεντανοὶ
857 1603 897 1680 τῇ
928 1618 963 1659 τε
996 1593 1140 1684 σφετέρη

124 1700 264 1783 δυνάμει
292 1704 490 1778 πεποιθότες
518 1699 574 1767 καὶ
603 1711 643 1787 τῇ
673 1705 833 1786 Σαβίνων
862 1699 981 1767 νεωστὶ
1010 1701 1139 1788 ἡκούση

85 1829 111 1872 ιε
125 1803 180 1871 καὶ
207 1807 266 1883 τὰς
289 1806 377 1892 παρά
400 1818 467 1872 τῶν
489 1809 600 1873 ἄλλων
628 1812 810 1893 Τυρρηνῶν
833 1806 1026 1894 ἐπικουρίας
1047 1830 1139 1895 περι-

98 1996 103 2006 .
123 1909 279 1996 μένοντες
305 1917 499 2000 προθυμίαν
526 1910 587 1999 μὲν
614 1909 705 2000 εἶχον
735 1911 789 1979 ἐπλ
811 1914 872 1997 την
890 1910 1019 1998 Ῥώμην
1041 1912 1139 1980 ε’λαύ-

123 2041 195 2083 νειν
225 2027 264 2104 τῇ
294 2020 424 2086 πλείονι
453 2029 511 2103 τῆς
540 2016 698 2105 σφετέρας
728 2028 896 2107 στρατιάς,
925 2020 970 2096 ὡς
997 2021 1139 2098 οὐδενὸς

123 2124 237 2201 αὐτοῖς
264 2125 364 2210 ὁμόσε
392 2128 616 2212 χωρήσοντος,
644 2126 727 2191 ἀλλὰ
751 2127 845 2191 δυεῖν
866 2125 1030 2212 θάτερον,
1057 2125 1079 2210 ἣ
1104 2125 1139 2192 ἐκ
1160 2153 1163 2159 ·

122 2234 329 2315 τειχομαχίας
355 2233 548 2318 αίρησοντες
574 2232 635 2315 τὴν
662 2234 761 2296 πόλιν
785 2231 806 2314 ἣ
830 2235 914 2317 λιμῶ
936 2235 1139 2315 κατεργασό-

87 2324 227 2421 3μενοι.
263 2339 390 2422 ἔφθασε
414 2335 452 2403 δὲ
473 2339 534 2422 τὴν
553 2336 755 2423 ἐπιχείρησιν
773 2335 884 2402 αὐτῶν
902 2336 921 2402 ὁ
942 2334 1138 2423 Οὐαλέριος,

82 2397 109 2436 2⁰
123 2441 160 2506 ἐν
188 2436 214 2529 ᾧ
243 2445 292 2508 ἔτι
318 2445 457 2528 ἔμελλον
479 2442 601 2508 ἐκείνοι
623 2441 678 2508 καὶ
700 2446 779 2532 τοὺς
800 2442 1032 2527 ὑστερίζοντας
1054 2460 1137 2526 συμ-

122 2549 248 2633 μάχους
270 2547 449 2633 ἀνέμενον,
476 2548 575 2625 αὐτὸς
597 2548 731 2632 ἀγαγὼν
749 2544 917 2633 Ῥωμαίων
939 2548 1001 2631 τὴν
1024 2552 1137 2634 κρατί-

123 2672 204 2737 στην
232 2653 340 2739 ἀκμὴν
368 2652 483 2720 καὶτὸ
505 2655 595 2739 παρά
616 2665 684 2719 τῶν
706 2654 887 2738 συμμάχων
911 2652 1136 2740 ἐπικουρικόν,

10 2786 13 2791 ·
122 2761 185 2826 οὐκ
207 2759 244 2825 ἐκ
265 2770 326 2825 τοῦ
348 2771 497 2847 φανεροῦ
519 2760 741 2844 ποιησάμενος
761 2761 824 2844 την
847 2759 973 2843 ἔξοδον,
997 2758 1070 2825 ἀλλ’
1092 2760 1135 2836 ῶς

81 2888 108 2930 ει
121 2867 263 2953 μάλιστα
289 2869 451 2950 λήσεσθαι
479 2867 601 2943 αὐτοὺς
627 2868 752 2950 ἔμελλε.
800 2865 978 2970 προελθὼν
1006 2868 1071 2953 γάρ
1100 2865 1134 2953 ἐκ

194 3066 209 3112 ‘1
229 3059 420 3129 συναίρεσθαι
438 3057 484 3111 Ba
558 3062 590 3111 10
608 3075 638 3111 τε
657 3056 711 3112 del
728 3072 790 3111 εεεε
808 3056 904 3110 censet
921 3055 1027 3110 Reiske
1101 3064 1130 3112 11

120 3131 255 3192 τάςεωύθ
270 3128 412 3200 Ρωμαίων
436 3128 500 3183 add.
519 3127 542 3181 Β
625 3133 657 3181 15
681 3126 731 3181 καλ
749 3126 813 3181 add.
833 3125 906 3195 Omg
935 3131 939 3195 Ι
969 3128 1003 3217 ρύ
1022 3125 1132 3199 περιμέ-

120 3217 259 3263 νοντεςο.
277 3150 381 3255 Reiske
445 3206 477 3254 17
496 3196 708 3268 τησφετεραςΒ
769 3203 803 3252 19
821 3197 1063 3287 κατεργασάμενοι
1081 3198 1132 3252 AB

120 3271 395 3397 κατερχασόμενοιῦ
494 3278 527 3325 21
553 3269 605 3360 ἐτι]
625 3268 721 3324 ἐτειΒ
818 3275 853 3323 22
873 3266 1016 3337 Ρωμαίων
1034 3285 1089 3325 om
1108 3271 1132 3322 A

121 3351 154 3396 23
174 3339 440 3432 ἐπικουρικ<ὸ>νΒ
503 3347 538 3396 25
556 3339 693 3408 λήσεινο.
713 3338 802 3396 cobet
820 3339 885 3393 Oba.
903 3356 932 3408 p.
948 3344 1000 3395 180
1020 3341 1025 3411 Ι
1047 3357 1132 3412 προσ-

122 3414 213 3468 ελθὼν
233 3416 277 3468 Ba

61 3560 151 3608 οἱ
