2424 3848
520 179 688 227 -H..

97 344 231 404 καλοῖεν
259 337 304 414 ὡς
331 336 625 423 ἀρχαιρεσιάσοντα
653 339 711 402 τὸν
739 338 846 421 δῆμον
853 386 863 420 ,
894 336 956 401 οὐκ
984 334 1115 425 ἐπέτρε-

97 465 162 510 πον
193 445 228 508 ολ
254 443 373 509 ὕπατοι
403 445 463 528 τὴν
493 442 647 522 ἐξουσίαν
681 446 811 529 ἔχοντες
843 451 903 509 τοῦ
934 449 1160 526 συγκαλεῖνῑῖε

98 552 176 626 τοὺς
199 553 317 636 λόχους
344 552 399 615 καλ
426 552 483 627 τάς
509 553 643 635 ψήφους
666 549 873 616 ἀναδιδόναι.
918 555 1117 637 κατηγορίαι

98 653 126 721 τ’
149 655 303 739 ἀλλήλων
322 656 472 739 ἐγίνοντο
491 654 545 722 καλ
565 668 714 741 συνεχεῖς
732 655 907 742 ἁψιμαχίαι
926 654 1007 722 καθ’
1029 655 1116 723 ἑται-

72 765 173 847 ερίας
195 761 456 851 συνισταμένων,
479 764 561 828 ὥστε
580 760 634 828 καὶ
652 763 779 846 πληγάς
802 762 956 846 ἀλληλοις
980 764 1116 829 διδόναι

98 870 191 946 τινδις
212 867 268 934 ὑπ’
295 871 407 955 ὀργῆς,
435 868 554 936 καὶού
578 871 706 953 μακρὰν
730 868 888 955 ἀποσχεῖν
911 871 972 954 τὴν
996 871 1116 935 στάσιν

64 976 165 1040 3τῶν
188 975 307 1041 ὅπλων.
353 986 456 1042 ταῦτα
482 983 637 1060 μαθοῦσα
664 975 684 1059 ἡ
713 976 818 1060 βουλὴ
845 978 953 1042 πολὺν
981 974 1115 1042 ἐσκόπει

97 1086 233 1168 χρόνον,
256 1082 275 1147 ὅ
298 1106 328 1148 τι
351 1085 506 1168 χρήσεται
524 1094 593 1158 τοῖς
611 1082 812 1168 πράγμασιν,
835 1083 911 1148 οὔτε
930 1082 1115 1166 βιάσασθαι

99 1189 266 1273 δυναμένη
296 1191 356 1254 τὸν
385 1191 492 1272 δῆμον
520 1185 592 1254 οὔτ’
618 1183 701 1265 εἶξαι
723 1187 921 1273 βουλομένη.
967 1183 1010 1271 ἦν
1035 1186 1067 1254 δ’
1093 1189 1113 1273 ἡ

59 1311 85 1350 10
99 1291 160 1378 μὲν
182 1293 411 1379 αὐθαδεστέρα
430 1296 544 1379 γνώμη
565 1294 740 1379 δικτάτορα
759 1292 895 1360 ἑλέσθαι
913 1305 982 1360 τῶν
1000 1293 1115 1383 ἀρχαι-

99 1412 221 1487 ρεσιῶν
244 1401 351 1486 ἕνεκα,
375 1403 415 1467 δν
438 1401 479 1468 ἀν
502 1402 648 1485 ἡγῶνται
671 1401 846 1487 κράτιστον
870 1396 968 1467 εἶναι·
992 1403 1053 1467 τὸν
1078 1399 1115 1468 δὲ

99 1510 244 1591 λαβόντα
271 1510 332 1592 τὴν
356 1507 509 1586 ἐξουσίαν
532 1508 610 1585 τούς
637 1531 671 1572 τε
694 1511 893 1586 νοσοποιοὺς
916 1507 952 1573 ἐκ
975 1517 1034 1592 τῆς
1056 1511 1115 1575 πό-

100 1617 181 1689 λεως
200 1612 334 1699 ἐξελεῖν,
354 1613 410 1680 καλ
428 1621 462 1680 εί
476 1639 508 1680 τι
525 1615 708 1701 ἡμάρτηται
727 1627 798 1692 ταῖς
816 1618 978 1700 πρότερον
998 1614 1115 1701 ἀρχαῖς

100 1717 423 1806 ἐπανορθώσασθαι,
458 1724 517 1787 τόν
551 1745 585 1787 τε
618 1725 745 1806 κόσμον
774 1732 835 1788 τοῦ
865 1722 1114 1806 πολιτεύματος,

59 1839 85 1881 15
100 1823 140 1890 ὃν
162 1826 329 1910 βούλεται,
350 1827 640 1912 καταστησάμενον
667 1828 809 1915 ἀνδράσι
837 1839 906 1905 τοῖς
928 1832 1116 1912 κρατίστοις

63 1929 285 1998 4ἀποδοῦναι
307 1935 365 2010 τὰς
388 1933 496 2019 ἀρχάς.
542 1934 562 2016 ἡ
587 1930 617 1998 δ’
643 1932 863 2017 ἐπιεικεστέρα
886 1936 1117 2017 μεσοβασιλεῖς

100 2035 235 2103 ἑλέσθαι
253 2042 331 2116 τοὺς
349 2040 595 2125 πρεσβυτάτους
612 2062 647 2104 τε
665 2039 722 2105 καὶ
739 2040 954 2124 τιμιωτάτους
977 2040 1116 2127 ἀνδρας,

100 2136 150 2221 ολς
172 2142 322 2230 ἐπιμελὲς
344 2148 434 2210 ἔσται
457 2146 497 2209 τά
520 2143 595 2229 περὶ
617 2146 675 2222 τὰς
697 2145 810 2230 ἀρχάς,
834 2146 921 2221 ὅπως
943 2146 1117 2228 κράτισται

98 2255 313 2336 γενήσονται,
348 2258 599 2338 προνοηθῆναι,
631 2253 691 2317 τὸν
714 2252 816 2318 αὐτὸν
845 2255 980 2338 τρόπον,
1012 2253 1117 2339 όνπερ

60 2373 86 2412 2⁰
101 2356 154 2423 ἐπὶ
181 2370 249 2424 τῶν
277 2357 443 2443 βασιλέων
469 2368 537 2422 τών
565 2357 768 2424 ἐκλιπόντων
801 2356 961 2441 ἐγίνοντο.
1011 2360 1118 2446 ταότη

99 2463 339 2552 προσθεμένων
368 2473 408 2550 τῇ
443 2465 558 2548 γνώμη
588 2476 654 2530 τῶν
683 2467 848 2530 πλειόνων
878 2463 1162 2535 ἀποδείκνυταιιιε

100 2574 183 2656 πρὸς
214 2571 326 2637 αὐτῶν
357 2574 596 2656 μεσοβασιλεὺς
622 2567 734 2648 Αὖλος
761 2572 978 2655 Σεμπρώνιος
1001 2567 1117 2658 Ἀτρα-

66 2677 202 2755 ὗτῖνος·
227 2679 264 2743 αλ
285 2677 315 2743 δ’
337 2680 434 2744 ἀλλαι
457 2679 688 2762 κατελύθησαν
712 2677 818 2764 ἀρχαί.
864 2673 962 2753 οὗτος
985 2674 1117 2764 ἐπιτρο-

99 2787 222 2862 πεύσας
244 2786 305 2869 τὴν
327 2787 426 2850 πόλιν
449 2785 669 2850 ἀστασίαστον
692 2785 772 2861 ὅσας
799 2782 875 2867 ἐξῆν
902 2780 1025 2867 ἡμέρας
1048 2783 1116 2849 ἕτε-

59 2907 85 2948 25
101 2915 161 2975 ρον
194 2890 446 2975 ἀποδείκνυσιν,
480 2892 589 2978 ὥσπερ
622 2891 735 2968 αὐτοῖς
765 2893 845 2967 ε”θος
871 2885 930 2973 ἧν,
961 2892 1117 2977 Σπόριον

100 2997 256 3082 Λάρκιον.
303 2997 454 3075 κάκεῖνος
478 2995 680 3082 συγκαλέσας
702 2999 764 3082 τὴν
787 3002 915 3081 λοχῖτιν
937 2994 1116 3081 ἐκκλησίαν

173 3162 185 3208 1
207 3154 456 3224 ἀρχαιρεσιάζοντα
475 3156 527 3209 ΑΒ
614 3160 631 3208 4
650 3150 777 3225 ἐγίνοντο
797 3159 921 3224 συνεχεῖς
938 3153 988 3207 καὶ
1007 3152 1115 3225 ἁψιμα-

100 3227 159 3295 χίαι
178 3243 200 3280 c.
220 3225 364 3296 Kiessling
445 3235 477 3283 17
498 3247 527 3282 τε
545 3225 594 3280 καλ
612 3224 794 3296 τιμιωτάτους
813 3243 866 3280 om.
885 3226 908 3278 B
988 3231 1023 3279 20
1043 3221 1117 3280 ἐκλι-

99 3295 210 3351 πόντων
229 3296 305 3351 ΑΒιι
324 3294 509 3352 ἐκλειπόντων
529 3298 574 3351 Bb
651 3304 684 3351 21
704 3298 925 3352 ἀποδείκνυνται
943 3294 1023 3350 ABG
1044 3315 1115 3353 corr.

102 3366 175 3437 Omg
283 3375 316 3423 22
336 3371 525 3442 μεσοβασιλεῖς
549 3368 628 3424 ABG
653 3385 722 3422 corr.
742 3367 816 3436 Omg
838 3369 1115 3422 ἀποδείκνυνται-

101 3441 300 3510 μεσοβασιλεῖς,
319 3449 426 3511 πρῶτος
444 3440 495 3510 μὲν
514 3437 601 3502 Αὖλος
620 3456 643 3495 ο.
662 3438 804 3508 Kiessling
