2424 3848
112 351 205 404 καιος
232 325 326 412 ἀνήρ.
373 327 390 393 ὁ
419 324 480 410 μέν
508 329 549 412 δὴ
574 329 747 414 κατασχὼν
769 326 948 413 Ῥωμαίους
969 329 1129 406 κίνδυνος

113 432 148 498 ἐκ
166 443 223 518 τῆς
243 433 468 509 Οὐολούσκων
486 457 520 499 τε
540 432 594 499 καὶ
612 437 771 501 Αἰκανῶν
789 434 1014 522 ἐπιστρατείας
1029 436 1130 521 Μάρ-

112 564 186 606 κιον
210 541 375 625 λαβούσης
392 541 550 626 ἡγεμόνα,
573 540 725 626 μέγιστος
742 554 809 608 τῶν
827 545 891 625 πρὸ
910 542 1129 626 αὐτοῦλγενό-

113 669 211 731 μενος
238 645 293 713 καὶ
321 650 440 733 μικρὸν
463 647 619 735 ἀποσχὼν
641 659 701 714 τοῦ
728 659 838 715 πᾶσαν
864 651 925 734 τὴν
947 650 1047 715 πόλιν
1070 648 1202 716 ὄιν-1654

85 758 200 819 τελεῖν
224 753 259 819 ἐκ
283 755 433 840 βάθρων,
457 756 610 821 τοιούτου
633 755 749 833 τέλους
772 758 895 843 ἔτυχεν.

179 859 297 924 LXIII.
333 857 492 944 Ἡμέραις
510 859 542 924 δ’
565 860 693 945 ὀλίγαις
710 862 852 948 ὕστερον
871 855 1064 940 ἐξελθόντες
1081 865 1131 940 εἰς

111 968 173 1051 τὴν
204 967 375 1052 ὕπαιθρον
403 965 555 1051 Ῥωμαῖοι
587 973 693 1053 πολλῇ
727 978 863 1056 στρατιᾷ
895 979 960 1034 τῶν
991 969 1129 1035 ὑπάτων

112 1073 263 1157 ἀγόντων
287 1073 494 1160 ἀμφοτέρων,
523 1073 578 1140 καὶ
600 1066 824 1160 προελθόντες
847 1076 923 1161 ἀχρι
946 1086 1014 1142 τῶν
1037 1076 1129 1161 ὅρων

110 1191 169 1266 τῆς
198 1181 358 1268 σφετέρας
384 1179 748 1266 κατεστρατοπέδευσαν
781 1181 834 1247 ἐπὶ
867 1185 983 1268 λόφοις
1015 1183 1129 1267 δυσίν,

72 1312 98 1351 ιο
112 1290 200 1354 λδιον
240 1287 394 1375 ἑκατέρου
433 1300 500 1354 τῶν
538 1288 674 1354 ὑπάτων
707 1291 931 1375 στρατόπεδον
968 1285 1021 1353 ἐπὶ
1058 1300 1129 1366 τοῖς

111 1395 346 1482 ἐρυμνοτάτοις
372 1394 713 1479 <καταστησαμένου>.
760 1395 800 1461 οὐ
830 1397 897 1480 μὴν
920 1395 1065 1481 ἔδρασάν
1089 1419 1127 1480 γε

111 1497 213 1568 οὐδὲν
235 1502 357 1586 <οὔτε>
381 1505 492 1585 μεῖζον
510 1500 601 1586 <ούτ’
629 1503 799 1586 ἔλαττον>,
822 1498 893 1567 ἀλλ’
917 1491 1128 1587 ἀνέστρεψαν

110 1610 288 1694 ἄπρακτοι,
320 1610 426 1674 καίτοι
453 1610 554 1685 καλάς
582 1599 734 1695 ἀφορμὰς
761 1596 890 1674 δόντων
917 1603 1040 1685 αὐτοῖς
1058 1619 1128 1674 τῶν

75 1717 280 1798 2πολεμίων
302 1715 427 1800 δρᾶσαί
445 1739 477 1780 τι
500 1727 666 1799 γενναῖον.
711 1718 867 1801 πρότεροι
892 1716 954 1801 γάρ
979 1717 1027 1779 ἔτι
1048 1716 1128 1781 τού-

70 1842 97 1884 ιι
110 1845 177 1887 των
197 1819 410 1886 Οὐολοῦσκοί
429 1845 464 1886 τε
486 1820 541 1887 καὶ
563 1819 705 1887 Αἰκανοὶ
729 1822 869 1907 στρατὸν
893 1817 947 1885 ἐπὶ
970 1819 1032 1903 τὴν
1049 1817 1128 1886 Ῥω-

109 1932 217 2013 μαίων
246 1935 310 2011 γῆν
339 1928 467 2011 ἤγαγον
496 1930 633 2013 γνώμην
665 1927 884 2012 ποιησάμενοι
916 1927 960 2011 μὴ
994 1925 1127 1992 ἀνεῖναι

109 2037 168 2101 τὸν
186 2038 314 2120 καιρόν,
337 2032 423 2119 ἀλλ’,
446 2034 509 2112 ἕως
527 2037 574 2100 ἔτι
597 2039 866 2120 καταπεπλῆχθαι
884 2036 921 2099 τὸ
940 2032 1126 2099 ἀντίπαλον

110 2142 260 2226 ἐδόκουν,
288 2152 410 2227 χωρεῖν
433 2140 482 2207 ἐπ’
510 2141 607 2224 αὐτό,
635 2142 679 2218 ὡς
705 2139 760 2207 καὶ
788 2139 943 2206 ἑκούσιον
967 2140 1023 2204 διά
1047 2138 1125 2217 δέος

108 2251 413 2335 παραστησόμενον.
460 2249 693 2326 στασιάσαντες
712 2243 749 2313 δὲ
767 2245 843 2333 περὶ
864 2255 924 2331 τῆς
945 2234 1195 2331 ἡγεμονίαςιοσι

69 2377 95 2416 ιο
108 2353 178 2420 κατ’
201 2340 355 2437 ἀλλύλων
377 2355 417 2419 τά
440 2354 526 2420 ὅπλα
547 2344 701 2440 ἥρπασαν
723 2353 779 2419 καὶ
803 2356 1026 2437 συμπεσόντες
1046 2352 1126 2438 ε’μά-

108 2485 218 2546 χοντο,
246 2462 322 2528 οὔτε
346 2462 428 2526 κατὰ
451 2461 544 2540 τάξιν
566 2458 639 2528 οὔτ’
667 2459 703 2526 ἐκ
725 2458 1011 2546 παραγγέλματος,
1039 2459 1125 2526 ἀλλά

108 2568 242 2654 φύρδην
265 2565 321 2632 καλ
344 2565 479 2651 ἀναμίξ,
508 2567 590 2632 ὥστε
618 2569 726 2632 πολὺν
753 2563 786 2643 ἐξ
814 2564 941 2650 ἀμφοῖν
962 2564 1125 2650 γενέσθαι

107 2677 230 2759 φόνον·
262 2672 317 2738 καὶ
349 2675 380 2737 ελ
406 2674 450 2757 μὴ
479 2674 538 2750 δὺς
566 2673 584 2738 ὁ
611 2673 705 2756 ἥλιος
732 2675 897 2758 ἔφθασεν,
928 2672 1053 2737 ἅπασαι
1081 2672 1124 2740 ἀν

108 2780 218 2847 αὐτῶν
242 2781 279 2845 αλ
296 2779 453 2863 δυνάμεις
472 2779 714 2864 διεφθάρησαν.
758 2787 798 2863 τῇ
820 2774 857 2842 δὲ
875 2776 972 2844 νυκτὶ
994 2781 1124 2867 λυούση

68 2908 93 2950 25
107 2890 144 2954 τὸ
168 2899 278 2964 νεῖκος
301 2886 451 2952 ἀκούσιοι
474 2884 621 2964 εἴξαντες
643 2885 862 2971 διεκρίθησάν
884 2881 911 2950 τ’
940 2882 995 2950 ἀπ’
1024 2886 1126 2971 ἀλλύ-

108 2999 177 3059 λων
199 2992 255 3060 καὶ
278 2992 331 3059 ἐπὶ
354 2994 432 3069 τοὺς
452 2994 558 3069 ἰδίους
576 2992 720 3078 χάρακας
739 2990 989 3076 ἀπηλλάγησαν·
1013 2991 1124 3060 ἕωθεν

178 3230 194 3276 2
215 3217 246 3275 ἐκ
268 3229 324 3275 τῶν
350 3219 534 3276 Οὐολούσκων
552 3218 604 3272 ΑΒ
714 3224 729 3272 9
754 3218 835 3273 δυσὶν
859 3216 971 3289 ἔχοντος
998 3221 1075 3275 ἴδιον
1099 3239 1122 3276 ο.

106 3291 211 3348 Reiske
267 3299 299 3346 11
319 3291 567 3361 καταστησαμένου
586 3290 650 3344 add.
671 3288 814 3360 Kiessling
830 3295 834 3356 Ι
850 3309 881 3360 γε
913 3310 943 3345 τε
961 3291 1014 3344 ΑΒ
1090 3299 1123 3348 12

107 3363 191 3418 οόδὲν
210 3367 303 3434 μεῖζον
322 3359 383 3417 ἀλλ’
400 3361 450 3416 Ac
470 3365 564 3433 μεῖζον
583 3359 746 3485 ού<ξὲν>Β
766 3360 880 3416 οάδὲνο
916 3365 1039 3432 εμεῐζον
1058 3365 1124 3420 οὔτε

107 3431 221 3488 ἔλαττον
240 3434 363 3505 Sylburg
434 3441 469 3489 24
487 3433 584 3488 λύουσι
601 3431 627 3486 Α
