2424 3848
546 185 808 234 -Η-,

122 341 207 407 ’ἀλλά
230 340 328 427 <καὶ>
352 345 531 428 πεποίηκας
553 343 617 428 ἥδη
642 354 788 429 σκοπεῖν,
811 345 932 428 πότερα
954 344 1137 405 καταλῦσαι

123 449 185 531 τὴν
202 446 371 534 Ῥωμαίων
389 449 495 535 ἀρχὴν
514 449 626 526 αύιοίς
647 451 797 535 άμεινον,
820 448 840 532 ἦ
864 445 1010 533 μετέχειν
1034 445 1210 531 αὐτῆςιοιο

84 553 157 632 Βέξ
187 560 262 619 ίσου
289 555 406 638 κοινην
434 554 741 640 καταστησαμένους
771 557 950 621 πολιτείαν.
1000 552 1043 617 έιῦ
1072 553 1136 639 γάρ

123 657 243 745 λέγειν,
266 660 357 737 ὅσοις
378 655 582 746 κεκόσμηκας
602 661 638 726 έκ
655 671 716 727 τοῦ
734 659 880 746 πολέμου
899 660 1061 745 λαφύροις
1079 660 1139 737 τάς

96 769 235 843 ιπόλεις
257 766 379 851 αὐτῶν,
401 765 457 832 καὶ
480 772 639 852 πηλίκους
661 768 832 854 κεχάρισαι
850 777 920 843 τοῖς
938 782 1138 852 συστρατευ-

124 869 278 956 σαμένοις
304 873 476 950 πλούτους.
522 876 601 950 τοὺς
628 874 669 957 δη
699 873 879 949 τοσούτους
901 872 958 937 διδ
980 867 1018 936 σὲ
1041 895 1137 955 γενο-

117 976 245 1062 μένους
280 975 335 1042 καὶ
371 975 423 1043 έπλ
463 978 659 1063 τηλικαύτης
689 981 870 1063 βεβηκότας
906 977 1057 1063 εὐτυχίας
1094 977 1136 1044 ού

122 1085 230 1161 δοκεῖς
252 1083 435 1169 ἀγαπήσειν
455 1076 505 1162 οἷς
523 1087 657 1170 έχουσιν
676 1084 828 1169 ἀγαθοῖς,
850 1081 921 1149 ἀλλ’
945 1084 1140 1169 ὀργιεῖσθαί

121 1207 174 1256 σοι
203 1188 259 1256 καὶ
288 1190 544 1282 ἀγανακτήσειν,
574 1191 633 1256 ἐὰν
665 1191 709 1276 μὴ
739 1189 795 1256 καὶ
824 1193 861 1257 τὸ
891 1199 948 1275 τῆς
976 1191 1137 1273 πατρίδος

82 1318 107 1356 10
121 1287 201 1380 αἷμα
229 1307 300 1374 ταῖς
321 1294 436 1383 χερσὶν
459 1296 570 1362 αὐτῶν
593 1296 794 1383 έπισπείσης;
824 1296 889 1380 ἐγὼ
918 1291 979 1381 μέν
1002 1296 1064 1362 οὐκ
1087 1303 1137 1364 οί-

85 1407 209 1485 4ομαι.
255 1394 346 1487 <εἷς>
374 1405 421 1467 ἔτι
448 1426 505 1488 μοι
532 1406 759 1468 καταλείιιεται
783 1406 881 1486 λόγος
904 1403 1039 1488 ἰσχυρὸς
1061 1399 1136 1487 μέν,

121 1507 179 1572 έάν
198 1512 345 1595 λογισμῷ
364 1511 480 1594 κρίνης
499 1507 612 1591 αὐτόν,
631 1506 776 1591 ἀσθενὴς
794 1505 839 1590 δ’,
858 1507 917 1572 έδιν
935 1506 1003 1592 μετ’
1022 1508 1136 1594 ὀργῆς,

121 1613 139 1679 ὁ
162 1611 237 1699 περὶ
264 1621 321 1696 τῆς
344 1612 384 1679 ού
408 1614 542 1690 δικαίως
571 1611 771 1698 μισουμένης
792 1613 858 1678 ύπὸ
882 1623 944 1679 σοῦ
966 1615 1135 1700 πατρίδος.

121 1718 197 1782 ούτε
225 1719 288 1804 γάρ
315 1718 514 1801 ὑγιαίνουσα
541 1716 595 1783 καί
623 1727 668 1806 τῷ
696 1722 822 1807 πατρίῳ
845 1722 958 1808 κόσμῳ
980 1724 1135 1786 πολιτευ-

81 1845 107 1885 15
121 1822 222 1908 ομένη
242 1825 303 1908 την
321 1823 362 1889 ού
381 1825 514 1889 δικαίαν
531 1824 613 1889 κατά
632 1834 694 1890 σοῦ
712 1827 823 1910 κρίσιν
842 1824 1026 1910 έξηνεγκεν,
1050 1824 1135 1892 ἀλλά

119 1939 267 1996 νοσοῦσα
284 1932 337 1995 καὶ
356 1929 393 1994 έν
412 1935 524 2017 πολλῷ
543 1931 690 1995 κλύδωνι
709 1929 925 2016 σαλευομένη,
948 1932 1024 1998 ούιε
1043 1939 1135 1998 πᾶσα

120 2037 182 2120 την
214 2036 318 2121 αὐτὴν
350 2035 487 2120 γνώμην
519 2032 585 2101 τότ’
620 2037 731 2121 ἔσχεν,
762 2034 846 2102 ἀλλά
877 2039 914 2101 τὸ
945 2037 1062 2103 κάκιον
1095 2037 1135 2104 έν

81 2141 203 2227 ὃαύτῇ
231 2140 331 2228 μέρος
356 2152 515 2226 πονηροῖς
542 2141 741 2227 προστάταις
770 2141 987 2228 χρησάμενον.
1037 2145 1069 2208 εί
1096 2142 1206 2214 δέ1621

122 2248 163 2331 δη
193 2248 238 2331 μὴ
268 2256 337 2323 τοῖς
367 2249 534 2324 κακίστοις
565 2249 687 2331 μόνον,
718 2246 802 2313 ἀλλά
834 2245 889 2313 καί
920 2258 991 2326 τοῖς
1018 2249 1135 2328 άλλοις

81 2376 107 2416 νο
120 2354 244 2418 ἅπασιν
267 2351 374 2418 ἐδόκει
397 2362 511 2437 ταῦτα,
533 2350 589 2417 καὶ
609 2354 654 2430 ὡς
672 2353 713 2419 ού
731 2354 771 2417 τά
788 2353 945 2439 κράτιστα
961 2360 1135 2422 πολιτευό-

120 2482 219 2544 μενος
246 2458 419 2543 ἀπηλάθης
444 2455 501 2523 ύπ’
533 2459 660 2543 αὐτῶν,
687 2456 760 2526 οὐδ’
792 2459 878 2526 οὕτω
907 2476 961 2527 σοι
987 2471 1134 2548 προσῆκε

120 2575 335 2651 μνησικακεῖν
357 2566 441 2651 πρὸς
462 2564 523 2648 τὴν
552 2575 692 2632 σεαυτοῦ
714 2567 865 2652 πατρίδα.
909 2570 1046 2644 πολλοῖς
1068 2569 1133 2654 γὰρ

120 2673 162 2755 δὴ
185 2670 240 2738 καὶ
264 2673 377 2748 ἀλλοις
400 2682 467 2737 τῶν
495 2670 558 2738 ἀπὸ
587 2681 647 2738 τοῦ
669 2674 842 2757 βελτίστου
864 2672 1134 2758 πολιτευομένων

119 2779 159 2843 τά
182 2780 393 2864 παραπλήσια
420 2776 543 2862 συνέβη
571 2784 707 2843 παθεῖν·
733 2775 789 2844 καί
820 2778 954 2844 σπάνιοι
978 2781 1019 2864 δη
1043 2781 1134 2859 τινές

80 2905 105 2945 οε
119 2886 220 2969 εἰσιν,
248 2875 297 2961 οἷς
327 2884 388 2949 οὐκ
410 2882 610 2950 ἀντέπνευσε
632 2886 715 2971 πρὸς
736 2886 798 2969 την
822 2887 987 2951 δοκοῦσαν
1010 2884 1133 2974 ἀρετὴν

192 3151 205 3198 1
225 3145 274 3199 καὶ
293 3145 357 3203 add.
376 3145 480 3201 Reiske
540 3153 555 3200 2
575 3147 670 3209 αύτοῖς
688 3145 778 3216 ἀρχὴν
794 3147 815 3200 Β
833 3148 928 3209 αὐτοῖς
946 3162 1000 3202 om.
1015 3147 1042 3200 R
1060 3166 1132 3207 corr.

118 3215 223 3270 Reiske
302 3215 620 3287 θκατασιησάμενοςΒ
700 3223 734 3272 10
752 3214 805 3287 ἐγὼ
824 3217 876 3288 μὲν
894 3214 946 3273 οὖν
964 3219 1016 3273 οῦκ
1036 3221 1132 3291 οίομαι

117 3287 169 3341 Ac
242 3293 275 3340 11
295 3286 335 3350 είς
353 3287 417 3343 add.
433 3287 623 3358 Kiesslingcf.
642 3288 706 3342 VIII
720 3294 793 3358 27‚1
868 3295 901 3343 16
919 3289 1013 3345 *οὔτε
1033 3289 1133 3348 ἅπασα

119 3356 142 3409 Ο
216 3363 248 3412 17
268 3359 373 3427 ταύτην
391 3360 442 3428 τὴν
462 3376 484 3413 ο.
503 3358 646 3427 Kiessling
700 3365 733 3412 21
754 3357 816 3414 οὐδ’
837 3358 873 3414 δν
893 3358 964 3415 οὕτω
983 3376 1007 3414 c.
1026 3360 1132 3418 Reiske

119 3433 151 3480 22
171 3428 225 3498 γὰρ
245 3445 298 3482 om.
318 3429 343 3482 A
415 3437 449 3484 23
468 3429 561 3492 ἀλλοις
579 3430 635 3485 ἀπὸ
655 3450 677 3483 τ.
698 3431 723 3502 β.
741 3429 966 3501 πολιτευομένοις
984 3429 1010 3484 Α

77 3562 217 3616 Λ
