2378 3840
485 176 650 229 -Θ-
1008 176 1074 243 305

59 343 120 421 λῆς
150 337 187 403 ἐν
216 347 261 426 τῷ
294 340 387 428 δήμω
414 341 631 423 κατηγορίαν,
661 337 706 414 ὡς
732 336 921 423 ἀχθομένης
948 338 1001 405 ἐπὶ
1028 349 1073 429 τῷ

60 445 224 511 λελύσθαι
246 448 306 510 τὸν
327 446 411 530 πρὸς
432 447 511 521 τοὺς
537 447 731 529 Τυρρηνοὺς
753 447 908 529 πόλεμον.
950 447 1012 530 ἔφη
1037 441 1074 510 δὲ

59 548 149 616 τοῦτ’
179 550 302 628 αὐτούς
331 550 364 629 ἐξ
392 550 568 634 ἐπιβουλῆς
594 548 649 616 καὶ
676 550 859 636 ὑπεροψίας
885 562 952 617 τῶν
974 553 1075 634 πενή-

60 681 128 722 των
150 668 276 740 ποιεῖν,
303 657 360 722 ἵνα
382 658 427 741 μὴ
450 667 517 722 τῶν
540 656 728 742 ὑπερορίων
751 655 994 741 ἀπαλλαγέντες
1015 679 1074 724 πο-

62 764 173 848 λέμων
201 763 362 829 ἀπαιτῶσι
389 764 448 841 τὰς
473 761 550 848 περὶ
572 771 629 845 τῆς
650 766 849 849 κληρουχίας
871 763 1074 850 ὑποσχέσεις,
1102 786 1115 827 ο

61 872 248 936 πολλοστὸν
271 873 342 947 ἔτος
364 872 428 954 ἤδη
449 872 699 954 φενακιζόμενοι
717 872 800 955 πρὸς
817 870 936 936 αὐτῶν.
972 868 1110 937 ταῦταὸ

61 974 118 1042 καὶ
137 976 243 1042 πολλά
261 970 391 1054 τούτοις
409 976 507 1060 ὅμοια
520 975 665 1059 <είπδον>
678 973 734 1040 καί
753 972 797 1040 δι’
815 976 916 1061 ὀργῆς
932 976 1074 1062 ἀκράτου

62 1093 131 1148 τῶν
158 1087 339 1168 πατρικίων
366 1082 479 1166 ὀνείδη
505 1081 765 1166 κατασκεδάσας,
791 1084 857 1165 τήν
875 1106 910 1147 τε
933 1098 1075 1167 συστρα-

62 1187 269 1273 τευσαμένην
296 1188 385 1277 αὐτῷ
414 1189 558 1272 δύναμιν
586 1187 728 1253 ἀπέλυσε
756 1199 823 1254 τῶν
851 1192 996 1272 σημείων
1020 1186 1075 1253 καὶ

62 1296 125 1378 τὴν
156 1296 236 1378 μετὰ
268 1298 418 1381 Φουρίου
450 1304 512 1361 τοῦ
543 1294 740 1360 ἀνθυπάτου
771 1297 1008 1381 διατρίβουσαν
1037 1293 1075 1360 ἐν
1089 1321 1115 1359 ιο

63 1403 224 1478 Αἰκανοῖς
251 1402 544 1486 μεταπεμψάμενος
566 1400 694 1486 ἀφῆκεν
716 1399 770 1466 ἐπὶ
792 1402 832 1466 τά
856 1399 1010 1487 σφέτερα·
1043 1400 1075 1479 ἐξ

64 1501 113 1573 ὧν
141 1509 270 1592 πολλὴν
299 1508 400 1574 πάλιν
430 1507 584 1591 ἐποίησεν
614 1506 768 1585 ἐξουσίαν
797 1517 867 1584 τοῖς
896 1507 1078 1593 δημάρχοις

10 1624 260 1700 791κατηγορεῖν
282 1626 350 1680 τῶν
371 1618 564 1699 βουλευτῶν
588 1613 625 1679 έν
647 1624 717 1690 ταῖς
736 1612 923 1697 ἐκκλησίαις
940 1611 995 1679 καὶ
1014 1616 1077 1680 διι-

63 1721 180 1786 στάναι
203 1722 281 1798 τοὺς
302 1718 444 1806 πένητας
467 1718 531 1785 ἀπὸ
553 1730 620 1785 τῶν
643 1719 803 1805 εὐπόρων.

131 1825 252 1892 XVIII.
275 1827 371 1892 Μετά
391 1823 428 1891 δέ
445 1826 584 1904 τούτους
600 1828 898 1913 παραλαμβάνουσι
915 1829 977 1912 την
994 1828 1117 1893 Ima-15

63 1937 157 1999 τείαν
180 1933 281 2011 Γάιος
298 1930 448 2017 Ὁράτιος
474 1930 530 1997 καὶ
558 1935 654 2010 Τῖτος
675 1935 847 2015 Μενήνιος
869 1930 922 1998 ἐπὶ
944 1941 1002 2017 τῆς
1025 1931 1078 2017 ἐβ-

65 2041 272 2124 δομηκοστῆς
298 2036 354 2104 καὶ
382 2038 476 2123 ἕκτης
503 2038 722 2122 ὀλυμπιάδος,
749 2038 792 2120 ἣν
820 2039 912 2104 ένίκα
941 2037 1077 2103 στάδιον

66 2145 288 2231 Σκάμανδρος
301 2148 532 2228 Μιτυληναῖος
547 2145 706 2230 άρχοντος
716 2141 878 2228 Ἀθήνησι
894 2144 1078 2220 Φαίδωνος.

65 2253 195 2329 τούτοις
218 2249 288 2317 κατ’
315 2251 416 2337 ἀρχάς
438 2248 500 2335 μὲν
523 2251 541 2317 ὁ
564 2251 731 2325 πολιτικὸς
753 2251 902 2334 θόρυβος
925 2247 1079 2331 ἐμποδὼν

67 2356 197 2442 ἐγένετο
219 2357 374 2443 πράττειν
396 2357 436 2422 τά
459 2356 556 2422 κοινά
576 2350 800 2440 ἠρεθισμένων
819 2361 879 2417 τοῦ
898 2354 1006 2438 δύμον
1024 2352 1079 2419 καὶ
1094 2375 1120 2414 ω

67 2461 169 2530 οὐδὲν
192 2464 313 2542 ἐῶντος
336 2463 450 2550 ἕτερον
473 2462 695 2528 ἐπιτελεῖσθαι
716 2471 784 2526 τῶν
801 2470 935 2543 κοινῶν,
959 2460 1019 2537 ἕως
1037 2459 1080 2527 ἀν

67 2574 240 2655 μερίσηται
266 2571 328 2653 τὴν
356 2572 520 2655 δημοσίαν
547 2577 626 2652 γῆν,
653 2570 762 2656 χρόνω
791 2563 820 2630 δ’
848 2565 988 2650 ὕστερον
1014 2562 1079 2645 εἶξε

66 2676 107 2741 τά
133 2685 380 2762 παρακινοῦντα
407 2674 463 2741 καὶ
490 2676 712 2759 ταραττόμενα
739 2680 778 2757 τῇ
802 2670 928 2758 ἀνάγκη
952 2688 1080 2757 συγχω-

68 2784 214 2868 ρήσαντα
237 2781 292 2847 καὶ
315 2780 368 2848 ἐπὶ
385 2782 449 2859 τάς
472 2783 641 2865 στρατείας
663 2777 799 2844 ἑκούσια
817 2772 911 2862 ἦλθε.
953 2781 1116 2863 Τυρρηθ

67 2898 138 2953 νῶν
162 2889 224 2973 γάρ
247 2890 285 2954 αλ
303 2890 347 2973 μὴ
366 2894 588 2971 μετασχοῦσαι
605 2893 663 2968 της
681 2887 814 2971 εἰρήνης
833 2882 950 2949 ἕνδεκα
968 2887 1081 2961 πόλεις
1095 2901 1121 2943 ω

46 3069 48 3073 ⁴
142 3074 212 3134 1ἐν
231 3095 285 3134 om,
304 3079 330 3132 A
351 3081 356 3149 Ι
379 3079 415 3141 ὡς
433 3077 541 3132 εδδ.Β
617 3074 753 3149 3<τούτ’
796 3075 820 3129 Β
899 3075 1038 3129 ὁποστδν
1057 3091 1080 3130 ο.

68 3149 172 3205 Reiske
263 3158 278 3206 7
302 3148 381 3205 *καὶ
402 3150 469 3219 post
492 3148 576 3219 ὅμοια
598 3146 653 3203 del.
672 3146 775 3201 ffiess‘
797 3163 817 3215 g
841 3145 911 3199 duce
931 3144 1081 3215 Sylburgio

70 3222 200 3290 οονείρας
222 3220 383 3276 addendum
406 3236 467 3275 οεοο
486 3237 510 3274 ο.
529 3218 633 3273 Reiske
656 3219 691 3273 ef.
711 3216 834 3272 Sintenis
857 3215 917 3270 Em.
937 3214 1018 3270 Dion.
1042 3215 1082 3270 111

71 3297 117 3360 10,
142 3292 229 3347 είπὼν
256 3290 362 3347 iuserui
456 3296 490 3344 10
518 3292 656 3361 φρουρίου
679 3288 732 3341 ΑΒ
760 3289 790 3342 et
817 3285 858 3340 sie
885 3301 969 3356 saepe
998 3289 1003 3355 Ι
1032 3295 1081 3342 τοῦ

70 3379 123 3419 om.
142 3364 168 3418 A
250 3369 282 3417 12
307 3357 457 3430 ἐποιήσατο
476 3361 526 3416 Ae
613 3366 646 3414 13
665 3361 776 3414 διιστάν
793 3358 820 3411 Α
900 3363 935 3412 24
953 3357 1083 3429 στρατιάς

70 3433 123 3487 ΑΒ
142 3451 212 3489 corr.
231 3433 353 3504 Sylburg

123 3534 223 3575 onm.
238 3533 304 3573 Eu.
318 3533 363 3573 111.
386 3542 426 3573 ιο.
439 3533 542 3594 ῖεοοεῐ.
889 3521 923 3569 20
