2378 3840
358 108 360 112 ,
483 127 665 213 -Θέ
1007 162 1071 228 291

55 299 156 403 νάμει
184 316 442 404 φυλαττόμενον.
489 320 544 387 καλ
571 319 613 406 ἠν
640 324 660 407 ἠ
690 323 770 401 δόξα
797 323 908 389 αὐτῶν
935 324 1072 409 ἀληθής.

58 426 119 504 ἔξω
144 428 207 508 γὰρ
231 437 298 492 τῶν
319 432 477 513 τριαρίων
500 426 555 493 καλ
573 430 696 512 ὀλίγων
716 431 826 495 άλλων
844 441 911 495 τῶν
930 430 967 495 έν
985 430 1072 516 ἀκμή

57 535 95 597 τὸ
129 535 247 598 λοιπὸν
278 538 409 616 πλῆθος
437 533 592 620 ἐμπόρων
621 560 655 600 τε
685 535 741 601 καλ
769 539 988 622 θεραπόντων
1017 534 1072 601 καλ
1117 581 1120 586 -

57 650 276 724 χειροτεχνῶν
299 635 341 724 ἠν
361 640 397 705 ἐν
416 641 519 728 αὐτῶ·
542 637 677 725 γίνεταί
687 665 721 706 τε
740 647 873 717 πολλῶν
892 645 938 718 είς
957 642 1072 727 ὀλίγον
1101 633 1103 637 ’

58 745 335 811 συνελασθέντων
358 751 495 832 χωρίον·
518 747 594 832 περὶ
617 749 683 832 γάρ
704 759 775 825 ταῖς
796 750 914 825 πύλαις
938 750 955 815 6
980 749 1071 832 ἀγὼν
1099 769 1112 809 5

10 937 14 945 Ι
56 848 112 934 ἠν·
137 851 226 930 ὀξεῖα
244 850 299 916 καλ
318 854 442 938 χαλεπή
461 854 560 938 μάχη,
578 851 633 918 καὶ
651 853 763 936 νεκροί
780 851 855 940 παρ’
874 853 1070 941 ἀμφοτέρων

55 963 183 1024 πολλοί.
229 959 267 1023 έν
296 961 401 1048 τούτῳ
431 970 477 1046 τῶ
508 963 592 1048 έργφ
624 960 642 1023 ὅ
672 984 706 1024 τε
736 959 914 1041 [Μάλλιος]
945 961 1106 1038 ύπατοςθ

58 1063 235 1148 ἐκβοηθῶν
264 1067 330 1149 ἀμα
359 1077 445 1142 τοῖς.
459 1068 629 1149 ίππεῦσιν,
663 1066 775 1149 ἐπειδὴ
806 1066 823 1131 6
852 1067 950 1143 ἵππος
977 1070 1070 1132 ἔπεσε

57 1169 331 1257 συγκατενεχθεὶς
357 1170 411 1237 καὶ
439 1171 603 1249 ἀδύνατος
627 1172 674 1236 ὢν
697 1172 878 1254 ἀναστῆναι
901 1172 966 1239 ὑπὸ
989 1174 1070 1256 πλή-

55 1282 143 1352 θους
168 1278 379 1361 τραυμάτων,
407 1277 611 1361 ἀποθνήσκει
639 1277 694 1343 καλ
720 1276 838 1343 πολλοὶ
864 1275 919 1356 καλ
946 1277 1069 1361 ἀγαθοὶ
1084 1299 1110 1337 1⁰

55 1380 132 1466 περὶ
155 1382 257 1447 αὐτὸν
279 1384 375 1448 ἀλλοι
397 1382 477 1449 νέοι.
515 1385 595 1467 μετδι
617 1380 654 1447 δέ
672 1386 709 1449 τὸ
728 1384 836 1459 πάθος
854 1380 942 1448 τοῦτ’
965 1383 1070 1462 εὐθὺς

56 1488 74 1553 6
103 1487 205 1572 χάραξ
233 1489 401 1573 ἠλίσκετο,
428 1489 482 1554 καλ
511 1488 603 1567 τέλος
630 1486 695 1576 εἶχε
723 1501 791 1566 τοίς
818 1494 1002 1574 Τυρρηνοῖς
1028 1492 1068 1555 τά

56 1595 272 1678 μαντεύματα.
320 1598 351 1660 εί
377 1592 438 1679 μέν
466 1591 528 1661 οὖν
553 1595 788 1681 ἐταμιεύσαντο
810 1597 871 1679 τήν
895 1601 1103 1682 παρούσαν3

55 1699 212 1785 εὐτυχίαν
239 1700 292 1766 καλ
321 1703 378 1766 διά
404 1708 554 1786 φυλακῆς
582 1707 680 1788 έσχον
706 1705 765 1768 τὸν
789 1702 930 1787 χάρακα,
958 1687 1016 1780 τάς
1037 1701 1064 1768 τ’

10 1806 243 1884 λιοάποσκευάς
264 1818 331 1872 τῶν
345 1806 514 1892 Ῥωμαίων
536 1807 696 1894 κατέσχον
714 1808 769 1873 καλ
788 1809 909 1886 αὐτούς
927 1812 1068 1895 αἰσχρῶς
1083 1827 1108 1867 15

55 1911 217 1977 ἀπελθεῖν
239 1914 443 1996 ἠνάγκασαν·
472 1921 537 1979 νύν
560 1911 596 1979 δὲ
619 1917 701 2000 πρὸς
725 1914 875 2000 άρπαγήν
898 1926 965 1979 τῶν
988 1914 1068 1991 ἀπο-

56 2017 264 2103 λειφθέντων
286 2022 487 2104 τραπόμενοι
509 2018 564 2083 καλ
586 2020 812 2109 ἀναψύχοντες
833 2022 869 2085 τὸ
894 2022 1012 2085 λοιπὸν
1035 2021 1071 2084 οί

55 2129 189 2201 πλείους
212 2126 316 2208 καλήν
339 2127 445 2211 ἀγραν
470 2125 595 2191 ἐκτῶν
617 2138 737 2212 χειρῶν
760 2124 984 2211 ἀφηρέθησαν.
1023 2125 1068 2202 ὡς

55 2232 119 2314 γάρ
149 2230 341 2315 ἀπηγγέλθη
371 2231 501 2324 θατέρφ
532 2244 599 2297 τῶν
628 2232 763 2297 ὑπάτων
790 2232 810 2315 ἠ
839 2241 899 2296 τοῦ
926 2231 1068 2315 χάρακος

55 2334 188 2419 ἅλωσις,
210 2336 361 2420 ἠπείγετο
385 2341 448 2402 σὺν
471 2350 540 2415 τοϊς
563 2337 709 2422 ἀρίστοις
733 2334 857 2401 ίππέων
880 2359 914 2399 τε
937 2333 992 2400 καὶ
1010 2357 1066 2400 πε-
1081 2355 1107 2394 εο

55 2445 128 2519 ζῶν.
174 2440 229 2506 καὶ
254 2427 299 2507 οί
315 2440 482 2527 Τυρρηνοὶ
504 2446 670 2526 μαθόντες
692 2441 794 2507 αὐτὸν
818 2439 952 2506 ἐπιόντα
974 2445 1102 2525 περι-4

54 2547 288 2631 εστεφάνωσαν
311 2550 370 2613 τὸν
392 2549 529 2634 χάρακα,
553 2524 637 2634 μάχη
661 2545 691 2612 τ’
713 2547 824 2613 αὐτῶν
844 2550 971 2639 γίνεται
988 2571 1067 2631 καρ-

54 2654 133 2738 τερά
160 2664 228 2718 τῶν
256 2650 316 2737 μέν
344 2653 583 2720 ἀνασώσασθαι
608 2653 826 2738 βουλομένων
851 2655 891 2717 τδι
915 2651 1072 2738 σφέτερα,Ι

54 2757 121 2825 τῶν
141 2758 189 2840 δέ,
205 2761 252 2843 μή
271 2759 416 2825 πασσυδὶ
435 2763 669 2844 διαφθαρῶσιν
688 2758 827 2836 άλόντος
840 2770 899 2825 τοῦ
911 2759 1066 2842 χάρακος,

55 2868 264 2932 δεδοικότων.
314 2870 437 2950 χρόνου
463 2862 503 2930 δὲ
530 2864 708 2948 γινομένου
736 2869 890 2940 πλείονος
916 2861 971 2927 καλ
998 2874 1065 2927 τῶν
1080 2880 1105 2923 ιι

59 2976 241 3057 Τυρρηνῶν
264 2973 370 3037 πολλά
393 2973 681 3038 πλεονεκτούντων
696 3009 736 3016 -
754 2966 797 3053 ἠν
819 2971 881 3054 γὰρ
901 2969 1013 3045 αὐτοῖς
1029 2968 1064 3046 7ἐξ

127 3205 141 3252 7
162 3200 177 3253 ό
195 3219 225 3253 τε
244 3198 349 3260 ὕπατος
364 3197 489 3260 Μάλλιος
507 3199 530 3251 Β
549 3195 564 3250 6
578 3217 607 3251 τε
621 3200 661 3251 M.
676 3199 701 3250 6.
717 3199 741 3248 R
758 3195 885 3256 Μάλλιος
903 3194 958 3249 del.
971 3195 1065 3248 Kiess-

54 3269 115 3338 ling
190 3275 222 3322 14
241 3267 317 3338 εἶχον
336 3268 358 3322 O
379 3267 460 3338 ἔσχον
480 3268 637 3337 Stephanus
670 3321 672 3325 ,
711 3272 744 3319 15
762 3264 847 3319 κατέσ
865 3286 897 3320 ον
916 3265 953 3318 διν
972 3283 994 3319 ο,
1015 3264 1065 3320 00·

55 3340 104 3393 bet
122 3340 188 3394 Obs.
213 3358 238 3408 p.
258 3345 309 3394 174
382 3347 414 3393 16
433 3339 591 3408 ἠνάγκαζον
611 3337 634 3392 O
653 3336 818 3407 ἠνάγκασαν
838 3285 959 3405 ἔγλοωις
1033 3342 1064 3390 17

56 3412 85 3464 τδ
105 3411 204 3465 λοιπδν
224 3410 397 3464 add.·B16v
415 3409 504 3464 κόπον
524 3427 545 3464 ο.
561 3408 704 3476 Kiessling

852 3498 905 3550 19*
