2424 3848
545 172 712 242 ·,·Θ-
1069 171 1133 236 321

122 338 290 421 παρουσίᾳ
320 344 387 398 τῶν
419 332 589 420 σφετέρων
619 332 871 420 ὑποστρέφουσί
894 357 931 399 τε
957 331 1011 398 καὶ
1038 356 1137 399 κατα-

123 441 259 517 στάντες
294 439 464 523 έμάχοντο.
517 439 744 517 κυκλωθέντες
779 439 812 505 δ’
847 438 905 506 ὑπ’
941 440 1067 525 ἀμφοῖν
1104 442 1140 506 os

127 543 296 632 Τυρρηνοὶ
322 543 378 610 καὶ
405 547 481 611 οὐτε
509 549 622 629 πρόσω
651 548 929 632 διεκπορευθῆναι
954 546 1136 631 δυνάμενοι

124 655 181 718 διδ
210 655 287 728 τούς
316 652 417 736 ὁμόσε
445 659 650 737 χωροῦντας,
681 649 751 718 οὐτ’
781 653 884 718 ὀπίσω
914 654 1053 737 φεύγειν
1082 642 1136 718 ἐπὶ

123 760 184 824 τὸν
206 758 332 844 χάρακα
356 758 412 822 διδ
434 760 513 833 τοὺς
529 760 668 822 κατόπιν
680 756 849 841 ἐπιόντας,
872 758 933 823 οὐκ
951 757 1136 845 ἀνάνδρως,
1163 781 1178 822 ε

123 860 305 948 ἀτυχῶςδ
332 863 367 927 οί
386 866 521 938 πλείους
542 866 777 950 κατεκόπησαν.
813 863 992 948 γενομένης
1015 861 1045 928 δ’
1068 867 1172 936 οἰκ-6

123 978 203 1056 τράς
230 973 324 1053 νίκης
350 967 426 1054 περὶ
452 973 531 1045 τοὺς
552 967 748 1054 Ῥωμαίους,
774 968 830 1035 καὶ
857 969 898 1034 οὐ
927 971 1136 1036 παντάπασιν

124 1071 261 1164 εὐτυχές
291 1073 384 1151 τέλος
416 1076 589 1160 εἰληφότος
617 1085 678 1141 τοῦ
708 1075 836 1159 ἀγῶνος
865 1078 901 1141 οί
927 1072 987 1160 μὲν
1017 1075 1137 1142 ὐπατοι

123 1184 189 1268 πρὸ
208 1192 275 1246 τῶν
292 1191 421 1266 νεκρῶν
439 1182 880 1266 καταστρατοπεδευσάμενοι
898 1182 959 1265 την
977 1180 1137 1247 ἐπιοῦσαν

124 1289 229 1353 νύκτα
254 1284 451 1370 ηὐλίσαντο,
479 1287 515 1351 οί
535 1282 573 1351 δὲ
594 1284 785 1369 κατέχοντες
806 1288 844 1352 τὸ
864 1283 1027 1353 Ἰάνικλον
1053 1292 1137 1375 Τυρ-
1152 1312 1180 1352 ιο

125 1396 238 1479 ρηνοί,
266 1391 379 1476 ἐπειδὴ
409 1391 548 1475 οὐδεμία
570 1392 658 1477 παρὰ
680 1403 747 1457 τῶν
769 1397 906 1458 οῖκοθεν
928 1395 1046 1479 ῆρχετο
1070 1393 1150 1458 ἐπι-“

123 1503 256 1585 κουρία,
278 1503 469 1565 καταλιπεῖν
493 1500 628 1584 έκριναν
648 1499 685 1563 τὸ
704 1499 880 1585 φρούριον,
903 1497 958 1565 καὶ
976 1500 1138 1586 ἀναστρα-

124 1606 383 1680 τοπεδεύσαντες
422 1605 548 1679 νυκτὸς
577 1603 708 1689 ἀπῆραν
745 1607 792 1680 είς
828 1607 888 1690 τῆν
926 1604 1138 1672 Οὐιεντανῶν

55 1715 221 1778 1816πόλιν
245 1710 412 1792 ἐγγυτάτω
436 1712 530 1794 σφίσι
553 1719 621 1774 τῶν
644 1711 861 1795 Τυρρηνίδων
882 1715 1012 1778 πόλεων
1032 1712 1138 1798 κειμέ-

125 1842 199 1911 νην.
243 1824 304 1881 τοῦ
333 1812 370 1881 δὲ
392 1816 535 1901 χάρακος
557 1814 668 1881 αὐτῶν
691 1818 727 1883 οί
741 1814 895 1902 Ῥωμαῖοι
917 1804 1179 1917 κρατῆσαντεςιῗ5

125 1924 167 1989 τά
185 1945 219 1988 τε
237 1924 386 2008 χρήματα
405 1922 655 2008 διαρπάζουσιν,
675 1923 736 1988 ὅσα
754 1924 971 1990 ὑπελείποντο
990 1925 1138 1991 ἀδύνατα

127 2032 209 2095 όντα
236 2028 272 2094 έν
299 2036 390 2113 φνγῆ
417 2026 594 2113 φέρεσθαι,
622 2026 678 2093 καὶ
705 2032 905 2115 τραυματίας
931 2031 1138 2113 λαμβάνουσι

126 2135 282 2218 πολλούς,
299 2136 378 2209 τοὺς
394 2130 456 2218 μὲν
475 2133 512 2199 έν
529 2145 600 2210 ταῖς
618 2144 754 2216 σκηναῖς
768 2133 1044 2220 ἀπολειφθέντας,
1061 2138 1138 2212 τοὺς

127 2239 158 2307 δ’
181 2240 245 2306 ἀνά
267 2241 328 2323 τῆν
346 2240 428 2306 ὁδὸν
447 2241 577 2305 άπασαν
595 2237 830 2324 ἐστρωμένους.
865 2239 1056 2323 ἀντείχοντο
1075 2241 1174 2326 γάρ8

126 2369 216 2423 τινες
249 2348 440 2429 γλιχόμενοι
471 2355 529 2429 τῆς
560 2347 673 2412 οἴκαδε
705 2344 787 2414 ὁδοῦ
818 2343 874 2410 καὶ
906 2344 1139 2432 διεκαρτέρουν
1152 2377 1180 2415 νο

126 2453 216 2538 παρὰ
244 2453 388 2536 δύναμιν
415 2451 694 2535 ἀκολουθοῦντες,
721 2446 791 2516 εἶτα
818 2450 1058 2537 βαρυνομένων
1080 2452 1139 2517 αὐ-

66 2560 70 2565 ’
127 2571 199 2636 τοῖς
220 2569 287 2623 τῶν
307 2561 416 2641 μελῶν
433 2559 616 2642 ἡμιθνῆτες
634 2555 812 2642 κατέρρεον
831 2555 883 2622 ἐπὶ
901 2559 963 2641 τῆν
981 2567 1057 2641 γῆν·
1081 2557 1140 2634 οὓς

128 2667 165 2730 οί
184 2674 251 2729 τῶν
269 2661 437 2748 Ῥωμαίων
462 2664 569 2739 ίππεῖς
590 2661 644 2728 ἐπὶ
666 2666 752 2728 πολὺ
776 2672 833 2747 τῆς
855 2664 938 2729 ὁδοῦ
955 2667 1143 2749 προελθόν-Ι

127 2793 181 2846 τες
208 2767 393 2834 ἀνείλοντο·
423 2767 478 2834 καλ
505 2767 617 2852 ἐπειδη
641 2753 742 2834 οὐδέν
765 2770 813 2834 ἔτι
835 2766 995 2853 πολέμιον
1017 2764 1060 2852 ἦν
1082 2793 1139 2834 κα-
1179 2774 1184 2779 ’

128 2878 286 2951 θελόντες
308 2877 345 2940 τὸ
368 2876 533 2959 φρούριον
555 2872 611 2939 καὶ
628 2875 669 2940 τά
687 2875 820 2960 λάφυρα
838 2877 974 2958 άγοντες
992 2871 1074 2960 ηκον
1091 2878 1140 2962 ἐίς
1154 2901 1184 2943 τε

128 2983 190 3066 την
213 2983 322 3064 πόλιν,
344 2982 384 3046 τὰ
408 2982 541 3065 σώματα
562 2991 629 3046 τῶν
653 2980 690 3046 ἐν
711 2989 750 3067 τῆ
770 2981 856 3067 μάχη
874 2983 1139 3066 τελευτησάντων

129 3090 322 3172 κομίσαντες
344 3088 479 3171 οίκτρδν
501 3088 581 3164 όύιν
604 3088 705 3151 άπασι
727 3098 796 3163 τοῖς
818 3090 967 3164 πολίταις
985 3089 1041 3152 διδ
1059 3091 1140 3170 πλῆ-

202 3285 217 3333 3
237 3277 509 3403 διαπο<ρευθῆν>αι
526 3277 573 3330 Bb
660 3283 676 3331 6
695 3275 849 3349 οίκ<τρ>ᾶς
866 3275 913 3330 Bb
1001 3283 1033 3331 12
1053 3296 1141 3332 κατα-

130 3346 237 3404 λείπειν
255 3348 301 3403 Ba
374 3354 407 3403 18
441 3355 537 3410 νταῖς
555 3353 671 3416 σκηναῖς
689 3364 744 3402 om.
758 3348 805 3400 Ba
878 3353 910 3402 19
929 3349 1075 3418 ἀνείχοντο
1093 3347 1141 3401 vel

129 3421 260 3490 ἀντεῖχον
278 3436 302 3474 ο.
316 3419 459 3488 Kiessling

184 3519 284 3562 onm.
297 3520 362 3562 Ηεω.
371 3519 416 3561 111
443 3529 482 3559 ιω.
497 3520 599 3570 hom
946 3512 979 3560 21
