2424 3848
177 166 220 233 ω
599 171 762 218 -z—

177 331 244 414 ἅμα
266 340 334 406 τοῖς
356 328 521 413 πελάταις,
549 326 604 394 καὶ
627 327 739 406 αὐτοῖς
762 326 908 407 ἐξιοῦσιν
931 329 1047 412 ὀλίγον
1069 351 1101 394 τι
1124 328 1190 397 άπὸ

142 439 237 504 3τοῦ
260 438 368 521 δήμου
387 434 485 521 μέρος
503 436 770 522 συνεστράτευεν.
804 435 939 519 ἡγεμὼν
958 432 995 500 δέ
1018 445 1085 502 τῶν
1104 435 1192 515 ἐξελ-

177 545 312 609 θόντων
338 537 381 627 ἦν
408 543 508 620 Γάιος
529 544 684 629 Μάρκιος
711 542 729 609 ὁ
757 544 819 627 τὴν
846 542 1065 628 Κοριολάνων
1090 547 1210 610 πόλιν1

177 645 262 714 ἑλὼν
284 648 348 715 κάν
375 657 414 733 τῇ
442 652 524 735 πρὸς
543 645 712 727 Ἀντιάτας
734 648 928 736 ἀριστεύσας
950 649 1052 736 μάχη,
1079 648 1135 716 καὶ
1158 652 1196 717 οί

151 777 165 818 ι
178 760 325 821 πλεῖστοι
338 766 405 821 τῶν
420 753 595 839 ἀραμένων
607 757 647 820 τά
662 756 747 821 ὅπλα
761 757 914 839 δημοτῶν
927 765 1047 822 τοῦτον
1061 755 1193 834 ἐξιόντα

179 863 321 948 ὁρῶντες
343 861 613 948 ἐπερρώσθησαν,
637 862 672 927 οί
692 857 753 946 μέν
777 859 821 926 δι’
842 861 990 947 εύνοιαν,
1013 863 1049 928 οί
1070 858 1107 927 δέ
1129 872 1192 929 τοῦ

177 969 405 1055 κατορθώσειν
433 967 555 1034 ἐλπίδι·
585 971 780 1054 περιβόητος
807 968 871 1052 γάρ
898 964 941 1051 ἦν
963 970 1028 1052 ἥδη
1051 969 1069 1035 ὁ
1094 968 1193 1056 ἀνήρ,

177 1072 232 1140 καὶ
265 1072 339 1153 δέος
370 1075 475 1140 αὐτοῦ
504 1072 587 1159 μέγα
614 1075 704 1161 παρδι
734 1086 804 1151 τοῖς
834 1077 1003 1159 πολεμίοις
1034 1073 1193 1159 ἐγεγόνει.

142 1182 260 1266 4αύτη
283 1186 496 1268 προελθοῦσα
513 1183 534 1266 ἡ
559 1182 694 1268 στρατιά
712 1177 807 1267 μέχρι
825 1184 951 1258 πόλεως
966 1179 1095 1248 Ἀντίου
1115 1184 1194 1268 δίχα

138 1313 164 1353 ω
178 1289 328 1373 <πόνου>
356 1293 449 1355 σίτου
476 1293 603 1355 πολλοῦ
625 1285 894 1373 καταληφθέντος
921 1287 1050 1365 ἐντοῖς
1075 1287 1194 1374 ἀγροῖς

178 1393 233 1460 καὶ
248 1394 469 1481 ἀνδραπόδων
487 1392 543 1460 καὶ
561 1395 779 1479 βοσκημάτων
799 1405 932 1480 συχνῶν
946 1393 1104 1481 ἐγκρατὴς
1121 1393 1193 1479 ἐγέ-

177 1525 270 1584 νετο,
296 1499 351 1566 καὶ
379 1499 447 1585 μετ’
479 1501 520 1567 οὐ
547 1504 634 1567 πολὺ
660 1508 770 1585 παρῆν
797 1499 1006 1587 εὐπορωτέρα
1032 1513 1193 1584 γεγονυῖα

178 1617 246 1683 τοῖς
268 1609 351 1672 κατά
373 1609 432 1672 τὸν
454 1609 543 1691 βίον,
566 1607 648 1672 ὥστε
667 1618 736 1683 τοῖς
753 1607 952 1691 ὑπομείνασι
968 1608 1097 1691 πολλὴν
1114 1632 1193 1674 κατ-

177 1717 298 1798 ήφειαν
321 1711 376 1778 καὶ
398 1713 605 1797 κατάμεμψιν
627 1724 694 1778 τῶν
718 1715 924 1797 δημαγωγῶν
948 1713 1111 1798 ἐμπεσεῖν,
1141 1712 1190 1780 δι’

138 1803 164 1918 155
179 1819 237 1896 οὓς
255 1818 509 1903 ἀποστερεῖσθαι
528 1819 669 1885 ἐδόκουν
686 1828 744 1904 τῆς
762 1821 877 1904 ὁμοίας
895 1820 1054 1906 εὐτυχίας.
1092 1821 1110 1887 ὁ
1129 1818 1193 1905 μέν

179 1927 220 2010 δὴ
244 1926 404 2009 Γεγάνιος
435 1923 490 1991 καὶ
521 1927 698 2009 Μηνύκιος
729 1927 764 1991 οί
793 1935 912 1992 τούτου
943 1929 1003 1993 τὸν
1035 1926 1192 1994 ἐνιαυτὸν

178 2033 397 2108 ὑπατεύοντες
410 2031 447 2097 ἐν
461 2032 615 2116 μεγάλοις
632 2030 688 2098 καὶ
706 2035 928 2110 παντοδαποῖς
941 2044 1078 2119 χειμῶσι
1096 2039 1193 2118 γενό-

179 2163 274 2223 μενοι
287 2137 342 2204 καὶ
356 2139 513 2216 πολλάκις
527 2137 708 2222 ἀνατρέψαι
722 2140 998 2216 κινδυνεύσαντες
1010 2141 1072 2224 τὴν
1090 2144 1193 2208 πόλιν

178 2241 283 2310 ούθδν
316 2246 429 2310 δεινὸν
460 2245 673 2330 είργάσαντο,
709 2245 793 2311 ἀλλά
828 2244 990 2312 διέσωσαν
1022 2247 1062 2311 τά
1094 2250 1209 2314 κοινάι

18 2332 19 2384 j
138 2375 165 2415 εο
177 2352 428 2436 φρονιμώτερον
448 2356 574 2435 μᾶλλον
593 2351 613 2435 ἢ
633 2351 866 2436 εὐτυχέστερον
879 2363 949 2429 τοῖς
968 2356 1194 2437 συμβαίνουσι

176 2457 387 2543 χρησάμενοι.

243 2563 315 2628 XX.
358 2563 404 2628 Οί
437 2559 474 2628 δὲ
511 2561 579 2648 μετ’
620 2563 741 2641 αὐτοὺς
781 2562 1034 2650 ἀποδειχθέντες
1069 2560 1194 2634 ὕπατοι

177 2670 317 2756 Μάρκος
334 2670 510 2753 Μηνύκιος
528 2669 739 2755 Αὐγουρῖνος
761 2669 817 2735 καὶ
839 2664 952 2748 Αὖλος
973 2674 1194 2757 Σεμπρώνιος

173 2776 362 2863 Ἀτρατῖνος
381 2778 537 2863 δεύτερον
550 2778 767 2854 καταστάντες
785 2775 838 2843 ἐπὶ
856 2778 918 2861 τὴν
936 2776 1052 2863 ἀρχήν,
1070 2779 1195 2865 ἄνδρες

248 2911 456 3023 4*κα1τῇο
480 2933 529 2987 καὶ
553 2928 640 3005 ἐντῇ
668 2933 757 2988 Οολιεδ
784 2934 849 2988 obs.
868 2952 896 3004 p.
912 2939 962 2988 139
995 2933 1049 2987 κδιν
1072 2941 1105 3004 τῇ
1129 2951 1190 3023 ego

180 3007 231 3059 ὅ*
245 3003 447 3088 συναραμένων
467 3003 490 3059 0
509 3006 617 3059 correxi
716 3011 783 3059 9στ
784 3003 949 3078 ρατ<ι>διΒ
1046 3010 1079 3060 10
1098 3005 1191 3061 πόνου

179 3075 243 3130 edd.
262 3074 364 3130 Kiessl
344 3077 406 3146 hng
429 3079 576 3145 σχισθεισα
594 3075 773 3130 inserendum
796 3092 857 3130 esse
876 3078 973 3130 censet
990 3075 1100 3143 Kayser
1116 3076 1191 3134 Ann.

178 3145 248 3214 phil.
263 3152 369 3217 1868p
371 3153 444 3202 817
532 3152 565 3200 12
585 3148 618 3202 ού
637 3144 697 3218 μετ
719 3148 752 3202 οά
770 3148 841 3202 πολὺ
861 3146 883 3201 0
903 3162 971 3204 corr
990 3146 1137 3216 Kieseling
1155 3149 1191 3206 ef.

180 3217 303 3271 Sintenie
321 3219 382 3274 Em
401 3219 481 3274 Dion.
500 3218 540 3271 HI
555 3224 587 3272 11
698 3223 731 3272 15
750 3219 853 3273 ἀποστε
855 3222 961 3288 ρῆσθαι
980 3217 1102 3288 Sylburg
1120 3219 1190 3274 ἀπο·

179 3285 329 3357 στερέσθαι
345 3288 490 3358 Kieesling
508 3287 716 3360 ἀποοτέρεοθαι
734 3288 822 3344 Cobet
836 3289 901 3344 obs.
915 3307 942 3359 p.
960 3295 1010 3344 139
1078 3295 1112 3344 18
1131 3310 1191 3345 κιν-

179 3359 330 3414 δυνεύσωσι
349 3378 371 3416 ο.
387 3360 529 3415 Schwartz
542 3361 727 3448 Mnemosyne
743 3365 784 3428 14,
801 3366 851 3415 197
923 3366 958 3415 23
977 3357 1061 3422 αύλος
1080 3355 1192 3431 ἐμπρά-

179 3449 239 3491 νιος
256 3429 304 3483 Ba
374 3437 410 3486 24
425 3429 578 3501 Ἀτρατῖνος
595 3432 671 3487 ABa
687 3403 856 3501 Ἀτραντῖνος
874 3431 921 3485 Bb
937 3428 1092 3494 Ἀντατῑνος
1110 3433 1131 3488 0

130 3540 269 3600 A
