2424 3848
540 193 708 246 „o-

115 367 176 441 γῆς
203 354 272 423 οὔτ’
301 356 442 441 ἀγχόνης
470 356 545 421 ούτε
573 355 750 441 φαρμάκου
778 351 847 420 οὔτ’
876 356 980 420 άλλου
1008 366 1076 419 τῶν
1100 354 1135 434 ἐξ

117 463 295 547 ἐπιβουλῆς
312 462 471 528 θανάτων
490 461 636 537 οὐδενός.
669 461 713 538 ὡς
732 458 761 526 δ’
781 459 936 544 ἐγνώσθη
955 462 992 527 τὸ
1011 462 1135 546 πάθος,

114 567 172 636 καὶ
195 566 386 655 προηνέχθη
410 571 447 635 τὸ
472 577 565 652 σῶμα
589 569 635 644 είς
657 568 719 650 τὴν
741 567 880 653 ἀγοράν,
904 567 1082 651 δαιμόνιόν
1100 591 1134 633 τι

116 677 291 752 κωλύσεως
315 676 510 760 συγκύρημα
533 671 647 750 ἔδοξεν
670 668 768 757 εἶναι,
791 670 846 737 καὶ
869 672 987 738 αὐτίκα
1010 672 1030 755 ῆ
1056 675 1186 758 δίκηῖῦό

81 769 297 883 ἓδιελέλυτο.
342 790 410 845 τῶν
437 782 501 867 γάρ
530 781 642 844 ἀλλων
669 777 781 855 οὐδεὶς
809 778 929 862 ἐτόλμα
953 780 1134 866 δημάρχων

117 885 295 951 ἀνακαλεῖν
318 887 379 970 τῆν
403 885 530 969 στάσιν,
553 883 638 950 ἀλλὰ
660 882 716 949 καὶ
738 893 799 950 τοῦ
818 887 982 950 Γενυκίου
1005 889 1135 968 κατεγί-

115 1009 249 1057 νωσκον
274 992 403 1075 πολλὴν
431 994 563 1076 μανίαν.
608 992 640 1055 εί
661 986 722 1073 μέν
745 984 808 1056 οὖν
831 986 937 1075 μηδέν
960 993 1008 1057 ἐτι
1030 998 1135 1058 πολυ-
1171 1046 1177 1055 .

114 1108 386 1187 πραγμονοῦντες
409 1099 445 1165 οί
463 1099 583 1164 ὕπατοι
607 1094 812 1180 διετέλεσαν,
834 1091 907 1162 ἀλλ’
934 1097 1068 1183 ἀφῆκαν
1090 1100 1134 1175 ὡς

117 1207 135 1273 δ
165 1208 294 1290 δαίμων
317 1205 469 1290 ἐκοίμησε
492 1207 555 1289 τῆν
579 1204 711 1287 στάσιν,
739 1200 851 1280 οὐδεὶς
873 1203 915 1268 ἀν
939 1204 1063 1281 αὐτοὺς
1086 1206 1133 1269 ἐτι

77 1337 104 1377 10
116 1311 275 1398 κατέλαβε
298 1313 468 1395 κίνδυνος,
490 1320 555 1376 νῦν
575 1307 605 1375 δ’
625 1311 671 1386 είς
689 1309 875 1374 αὐθάδειαν
892 1308 949 1374 καὶ
966 1314 1132 1395 καταφρό-

116 1436 216 1504 νησιν
247 1428 308 1485 τοῦ
341 1420 522 1502 δημοτικοῦ
549 1407 755 1502 ’τραπόμενοι
785 1413 842 1480 καὶ
873 1418 910 1482 τὸ
943 1425 1000 1500 τῆς
1030 1417 1133 1502 ἀρχῆς

115 1525 251 1610 κράτος,
274 1525 355 1591 ὅσον
378 1523 487 1606 ἐστίν,
510 1521 668 1600 ἐπιδεῖξαι
691 1525 901 1607 βουλόμενοι,
924 1522 1008 1587 κακδι
1031 1522 1131 1607 ἐξειρ-

116 1631 262 1715 γάσαντο
281 1631 415 1714 μεγάλα.
445 1627 628 1714 προθέντες
645 1631 708 1715 γάρ
728 1631 967 1713 στρατολογίαν
981 1626 1038 1693 καὶ
1055 1631 1132 1705 τοὺς

117 1737 178 1821 οὐχ
205 1737 436 1813 ὑπακούοντας
463 1747 534 1813 ταῖς
560 1734 589 1800 τ’
615 1736 731 1812 ἀλλαις
761 1737 888 1819 ζημίαις
914 1731 970 1799 καὶ
992 1739 1131 1819 πληγαῖς
1181 1746 1183 1750 ’

78 1865 103 1906 15
117 1842 253 1930 ῥάβδων
275 1843 600 1927 προσαναγκάζοντες
622 1843 671 1918 είς
693 1840 855 1907 ἀπόνοιαν
878 1840 1038 1926 ἐποίησαν
1057 1864 1131 1927 τρα-

115 1947 239 2014 πέσθαι
261 1959 321 2014 τοῦ
345 1950 524 2033 δημοτικοῦ
547 1951 585 2014 τὸ
607 1945 722 2031 πλέον,
744 1946 809 2013 ἀπὸ
827 1948 980 2032 τοιαύτης
999 1943 1125 2031 μάλιστ’

117 2057 231 2133 αίτίας.

183 2159 385 2225 XXXVIIII.
418 2158 517 2246 ’Λνῆρ
540 2185 590 2238 τις
613 2159 738 2226 ἐκτῶν
761 2161 950 2243 δημοτικῶν
972 2161 1012 2225 τὰ
1036 2157 1131 2226 πολέ-

117 2290 175 2351 μια
206 2271 369 2352 λαμπρός,
399 2266 556 2353 Βολέρων
583 2271 747 2350 Πόπλιος,
777 2266 958 2350 ἡγεμονίαν
988 2265 1132 2352 ἐσχηκὼς

77 2397 103 2437 το
118 2374 226 2455 λόχων
249 2370 286 2436 έν
308 2381 380 2448 ταῖς
397 2370 573 2458 προτέραις
591 2374 786 2458 στρατείαις,
808 2368 875 2436 τότ’
892 2369 967 2436 ἀντὶ
986 2377 1131 2459 λοχαγοῦ

118 2479 316 2564 στρατιώτης
347 2480 429 2563 πρὸς
461 2478 571 2544 αὐτῶν
602 2477 835 2563 κατεγράφετο.
887 2478 931 2554 ὡς
964 2474 995 2542 δ’
1031 2480 1184 2563 ῆναν-ιιῖῖ

117 2592 228 2649 τιοῦτο
256 2581 312 2648 καὶ
335 2583 397 2650 οὐκ
419 2583 514 2667 ἠξίου
537 2585 649 2669 χώραν
672 2582 868 2669 ἀτιμοτέραν
892 2588 1008 2668 λαβεῖν
1031 2581 1131 2651 οὐδὲν

103 2689 310 2782 ,ἡμαρτηκὼς
338 2688 375 2754 ἐν
401 2701 471 2767 ταῖς
497 2688 672 2776 προτέραις
699 2693 898 2776 στρατείαις,
928 2691 1132 2778 δυσανασχε-

116 2805 251 2872 τοῦντες
278 2796 313 2861 οί
336 2795 456 2863 ύπατοι
479 2798 540 2881 τῆν
562 2800 748 2883 παρρησίαν
771 2797 965 2874 αὐτοῦτοῖς
988 2796 1131 2884 ῥαβδού-

77 2924 103 2966 ετ
116 2925 189 2987 χοις
211 2899 387 2968 ἐκέλευσαν
409 2904 471 2987 τῆν
495 2901 620 2986 ἐσθῆτά
638 2926 672 2968 τε
692 2901 970 2989 περικαταρρῆξαι
987 2901 1043 2968 καὶ
1061 2915 1131 2981 ταῖς

81 3008 256 3096 ἳράβδοις
282 3011 320 3074 τὸ
348 3018 442 3094 σῶμα
469 3008 603 3087 ξαίνειν.
650 3008 668 3075 ὁ
697 3003 734 3072 δέ
757 3011 891 3085 νεανίας
913 3010 992 3086 τούς
1014 3032 1050 3074 τε
1074 3011 1131 3093 δη-

186 3233 403 3308 δπροσηνέχθη
422 3236 448 3289 A
539 3230 726 3291 ῦέλέλυτοΒ
816 3230 976 3306 9ἐκοίμιοε
999 3253 1023 3290 ο.
1043 3235 1131 3291 Cobet

115 3306 181 3362 Obs.
205 3327 231 3377 p.
253 3314 304 3363 180
395 3314 428 3363 16
452 3308 509 3362 ἀπὸ
527 3315 576 3378 τῆς
594 3307 725 3375 τοιαύτης
747 3306 794 3360 Bb
885 3311 919 3360 20
942 3311 1064 3376 λοχαγοῦ
1082 3307 1131 3361 τὸν

115 3378 286 3448 στρατιώτην
304 3377 351 3432 Ba
377 3382 400 3433 λ.
419 3379 468 3433 τὸν
488 3394 559 3434 eras.
579 3378 747 3447 στρατιώτης
764 3377 811 3431 Bb
920 3382 955 3431 23
975 3380 1131 3449 στρατείαις

115 3462 168 3504 om.
189 3449 211 3502 Β
284 3453 318 3502 25
337 3468 367 3503 τε
386 3465 441 3505 om.
461 3451 483 3504 B
556 3455 590 3504 26
610 3447 762 3522 ξ<αι>νειν
781 3448 826 3502 Bb
