2424 3848
548 181 714 232 ..Θ-

125 365 217 424 νετο,
244 342 333 427 παρά
356 366 458 407 τινων
482 342 697 426 αἰχμαλώτων
721 341 920 417 ἀκούσαντες
944 338 1206 424 ἐπηρθησάυιτσι

125 470 159 513 τε
182 459 253 524 ταῖς
276 449 422 531 γνώμαις
444 450 492 512 ἔτι
515 452 652 531 μᾶλλον,
676 447 721 523 ὡς
738 453 963 530 πολεμοῦντος
980 457 1051 521 τοῖς
1063 444 1142 510 Ῥω-

126 558 236 637 μαίοις
258 562 318 618 τοῦ
342 554 530 636 δαιμονίου,
552 551 607 617 καὶ
629 552 757 635 πολλὴν
776 547 866 637 εἶχον
885 550 1002 616 έλπίδα
1020 554 1143 636 κρατη-

127 675 198 724 σειν
226 659 349 723 αῦτῶν·
379 661 413 723 οἵ
438 682 472 723 τε
500 658 633 742 μάντεις
661 656 894 742 ἀκριβέστερον
920 667 988 722 τῶν
1016 659 1146 723 άλλοθί

99 786 192 831 σπου
220 768 396 842 δοκοῦντες
424 763 612 848 ἐξητακέναι
638 767 678 829 τά
705 764 878 850 μετάρσια,
908 767 1016 829 πόθεν
1043 787 1078 828 τε
1108 765 1147 829 αι’

126 882 192 936 τῶν
220 881 392 955 κεραυνῶν
419 876 569 953 γίνονται
596 867 694 954 βολαὶ
721 868 777 935 καὶ
804 873 891 946 τίνες
914 870 1037 946 αὐτοὺς
1058 871 1142 936 ὑπο-

127 976 278 1061 δέχονται
301 978 381 1061 μετδι
403 978 460 1053 τὰς
478 976 603 1060 πληγάς
621 974 779 1051 ἀπιόντας
796 978 902 1058 τόποι,
924 981 1016 1040 θεῶν
1034 999 1070 1041 τε
1091 968 1143 1053 οἷς

126 1081 257 1149 ἔκαστοι
285 1082 500 1148 ἀποδίδονται
528 1079 583 1146 καὶ
610 1084 712 1146 τίνων
741 1080 879 1163 άχαθῶν
901 1079 922 1164 ἢ
945 1093 1057 1146 κακῶν
1080 1106 1142 1166 μη-

126 1193 233 1271 νυταί,
256 1199 376 1274 χωρείυ
400 1188 499 1272 ὁμόσε
518 1198 588 1263 τοῖς
607 1190 778 1271 πολεμίοις
796 1183 971 1272 παρῄνουν
990 1188 1141 1272 διαιροῦ-

86 1317 112 1355 10
125 1320 220 1380 μενοι
243 1298 280 1360 τὸ
303 1296 485 1377 γευόμενον
508 1303 578 1369 τοῖς
594 1290 766 1377 Ῥωμαίοις
789 1303 926 1376 σημεῖον
949 1294 1031 1358 κατά
1053 1294 1142 1358 τάδε.

90 1402 239 1485 ὗέπειδὴ
263 1403 300 1466 τὸ
323 1398 419 1484 βέλος
442 1401 489 1475 είς
511 1398 639 1464 ὑπάτου
662 1399 788 1482 σκηνὴν
810 1397 1030 1483 κατέσκηψεν,
1059 1398 1095 1464 ἐν
1119 1393 1142 1486 ᾖ

124 1510 162 1574 τὸ
186 1507 383 1592 στρατήγιον
407 1505 497 1587 ἐνῆν,
519 1503 575 1569 καὶ
597 1513 707 1569 πᾶσαν
730 1504 833 1589 αὐτην
853 1506 927 1589 άχρι
951 1513 1008 1587 τῆς
1032 1502 1143 1582 ἑστίας

125 1613 304 1697 ἠφάνισεν,
332 1611 392 1697 ὅλη
417 1613 657 1695 προσημαίνειν
681 1613 718 1675 τὸ
741 1610 917 1694 δαιμόνιον
939 1619 978 1695 τῇ
1002 1622 1142 1698 στρατιᾷ

125 1728 186 1784 τοῦ
214 1718 355 1804 χάρακος
384 1720 531 1794 ἔκλειψιν
558 1720 615 1803 βίᾳ
642 1715 866 1801 κρατηθέντος
893 1714 948 1780 καὶ
975 1728 1043 1782 τῶν
1071 1717 1142 1783 ἐπι-

86 1808 341 1922 1(ξιμανεστάτωυ
365 1827 516 1904 ὄλεθρον.
554 1825 585 1889 εί
606 1819 667 1907 μὲν
690 1817 764 1906 οὖν,
788 1826 926 1907 ἔφασαν,
950 1825 1085 1908 ἔμειναν
1104 1825 1143 1891 ἐν

128 1925 152 2017 ᾧ
176 1929 358 2014 κατέσκηψε
381 1935 490 2018 χωρίςο
514 1932 550 1995 τὸ
573 1928 670 2013 βέλος
693 1930 728 1995 οί
748 1928 937 2014 κατέχοντες
960 1930 1056 2014 αὐτό,
1084 1931 1206 1999 nullm

126 2039 169 2122 μὴ
198 2036 437 2122 μετηνέγκαντο
460 2036 500 2100 τδι
523 2047 641 2120 σημεῖα
664 2035 709 2111 ὡς
730 2037 808 2111 τοὺς
831 2032 978 2119 ἑτέρους,
1006 2046 1083 2120 μιᾶς
1107 2062 1143 2104 τε

125 2148 334 2228 παρεμβολῆς
356 2141 477 2208 ἁλώσει
499 2139 554 2206 καὶ
578 2139 652 2216 έυὸς
675 2139 805 2228 ὀλέθρῳ
830 2151 971 2226 στρατοῦ
989 2145 1026 2207 τὸ
1046 2167 1143 2228 νεμε-

126 2261 195 2315 σῶν
233 2249 345 2326 αὐτοῖς
381 2250 557 2332 δαιμόνιον
589 2246 825 2330 ἀπεπλήρωσεν
858 2245 899 2311 δυ
931 2250 991 2312 τὸν
1022 2252 1144 2333 χόλον·

86 2378 112 2416 ιο
127 2355 239 2440 ἐπειδὴ
264 2350 300 2420 δὲ
324 2354 507 2438 σοφώτεροι
526 2364 593 2417 τῶν
610 2359 702 2418 θεῶν
721 2349 806 2418 εἶναι
827 2355 997 2436 ζητοῦντες
1015 2357 1063 2431 είς
1082 2359 1144 2422 τὸν

126 2461 239 2547 ἕτερον
251 2461 377 2547 χάρακα
391 2460 803 2544 μετεστρατοπεδεύσαντο,
816 2462 1051 2536 καταλιπόντες
1066 2463 1144 2546 ἔρη-

126 2592 190 2651 μον
212 2569 272 2633 τὸν
294 2571 409 2650 τόπου,
433 2567 476 2642 ὡς
499 2566 540 2632 οὐ
563 2579 631 2643 τοῖς
654 2566 846 2653 ἀνθρώποις
869 2573 928 2630 τοῦ
951 2571 1037 2632 θεοῦ
1059 2589 1143 2654 προ-

126 2675 308 2757 δηλοῦντος
339 2671 397 2750 τδις
429 2673 617 2758 συμφοράς,
650 2672 733 2737 ἀλλά
765 2683 834 2748 τοῖς
865 2675 994 2755 τόποις,
1027 2678 1145 2752 κοινὸς
1169 2704 1182 2717 ’

126 2781 249 2845 άπασιν
277 2778 389 2855 αὐτοῖς
416 2779 434 2844 ό
462 2780 550 2862 παρὰ
573 2787 633 2844 τοῦ
657 2782 814 2863 δαίμονος
836 2777 906 2861 ἣξει
929 2780 1042 2862 χόλος,
1071 2792 1144 2858 τοῖς

85 2871 154 2984 '752'
190 2886 397 2952 ἀπαναστᾶσι
433 2883 489 2949 καὶ
516 2895 589 2987 τοῖς
620 2882 885 2968 ὑποδεξαμένοις.
936 2881 991 2947 καὶ
1025 2885 1142 2971 ἐπειδη

32 3043 35 3049 .
126 2992 251 3058 ἁλῶναι
279 3003 374 3076 σφῶν
400 2993 459 3057 τὸν
487 2989 600 3074 ἕτερον
623 2991 749 3075 χάρακα
772 2995 829 3077 βίᾳ
850 2993 945 3065 θείας
968 2989 1142 3057 ἐπιθεσπι-

127 3102 245 3183 ζούσης
272 3099 416 3182 άνάχκης
444 3097 485 3163 οὐ
507 3095 718 3181 περιέμειναν
740 3099 777 3162 τὸ
801 3098 921 3182 χρεῶν,
950 3094 1022 3160 ἀλλ’
1046 3096 1143 3164 αὐτοὶ

197 3299 289 3353 ῶτοις
308 3308 360 3345 om.
380 3290 403 3342 B
478 3295 510 3343 13
530 3288 591 3369 ὅλη]
612 3285 680 3356 ὃδὴ
700 3289 725 3341 Α
799 3295 830 3342 18
850 3286 970 3377 ὀλέθρου
989 3288 1037 3342 Ba
1107 3296 1141 3344 λδ

127 3357 248 3487 {psl
207 3361 238 3416 δὲ
258 3380 280 3416 ο.
297 3361 423 3485 1Ιὶῖειιόλοε
441 3359 531 3414 Tiroc
551 3344 612 3412 c'rit.
631 3377 659 3428 p
674 3364 707 3412 47
777 3366 808 3412 21
829 3348 1138 3428 μετεστρατοπέδευσαν

168 3436 248 3500 praet
251 3449 281 3486 er

69 3556 106 3624 Ι
