2424 3848
535 159 701 209 ..Η-

112 317 169 386 καδ
194 319 256 403 τὴν
282 319 436 404 φυλακὴν
465 329 532 385 τῶν
559 321 674 403 νόμων
695 316 843 404 ἀκρατός
864 340 900 382 τε
922 316 977 383 καὶ
1001 317 1129 405 ἀπαρύ-

113 443 244 502 πειστος
262 425 317 491 καὶ
335 421 440 492 ούθέν
454 434 500 513 τῷ
522 424 660 491 ἐπιεικεῖ
680 425 821 491 διδοῦσα
839 423 1015 509 ἀποτομία·
1040 423 1132 491 ἔοικέ

113 527 142 598 τ’
169 529 292 617 ἀληθὲς
315 528 461 598 εἶναιτὸ
484 533 551 599 ὑπὸ
574 543 641 598 τῶν
664 531 811 618 ἀρχαίων
832 534 1013 616 λεγόμενον
1030 537 1130 615 φιλο-

115 642 241 724 σόφων,
273 639 323 705 ὅτι
356 638 530 725 μεσότητές
560 640 661 723 εἰσιν,
694 633 765 703 ἀλλ’
799 637 861 705 οὐκ
890 637 1066 725 ἀκρότητες
1094 638 1134 703 αί

87 758 181 813 ττῶν
204 745 300 829 ἠθῶν
323 745 450 832 ἀρεταί,
479 745 618 830 μάλιστα
642 741 672 809 δ’
698 745 719 829 ἡ
749 746 954 830 δικαιοσύνη.
1000 746 1130 832 οὐγὰρ

114 857 220 938 μόνον
238 852 434 919 ἐλλείπουσα
452 863 513 919 τοῦ
531 855 666 938 μετρίου
684 850 843 936 πέφυκεν,
861 851 945 918 ἀλλὰ
959 849 1014 917 καὶ
1028 851 1131 937 ὑπερ-

114 959 284 1043 βάλλουσα
307 958 420 1037 αύτοῖς
442 956 470 1024 τ’
492 958 533 1025 οὐ
551 962 733 1043 λυσιτελής,
757 955 835 1024 ἀλλ’Ι
851 961 941 1024 ἐστιν
962 955 1012 1024 ὅτ’
1039 960 1203 1025 αίτίαιοῦ]

115 1065 267 1150 μεγάλων
298 1075 498 1151 συμφορῶν,
529 1063 584 1130 καὶ
613 1067 660 1141 είς
689 1065 858 1142 θανάτους
890 1067 1042 1151 οἰκτροὺς
1063 1064 1131 1131 ’καὶ

80 1173 222 1256 3λύμας
244 1170 445 1256 ἀνηκέστους
465 1169 744 1258 καταστρέφουσα,
788 1171 946 1257 Μάρκιόν
969 1168 999 1255 γ’
1028 1168 1131 1238 οὐδὲν

77 1302 102 1341 10
116 1273 158 1362 ἦν
182 1276 295 1362 ἕτερον
318 1278 394 1363 ἀρα,
417 1276 435 1342 δ
454 1287 512 1362 τῆς
528 1278 687 1363 πατρίδος
705 1275 841 1360 ἐξήλασε
859 1276 999 1344 καὶτῶν
1017 1280 1132 1345 ἀλλων

117 1383 256 1468 ἀγαθῶν
286 1381 451 1467 ἀνόνητον
479 1381 649 1467 ἐποίησεν,
678 1381 698 1467 ἢ
727 1384 764 1449 τδ
788 1380 921 1469 ἀκριβὲς
947 1383 1003 1449 καὶ
1026 1386 1132 1470 ἀκρον

117 1492 257 1556 δίκαιον.
303 1501 372 1566 τοῖς
400 1513 434 1554 τε
458 1490 521 1575 γὰρ
545 1490 702 1573 δημόταις
724 1497 826 1556 εῖκειν
849 1491 889 1556 τά
912 1489 1027 1579 μέτρια
1051 1491 1132 1559 δέον

116 1593 171 1660 καὶ
195 1592 324 1681 ἐφιέναι
347 1619 379 1659 τι
402 1606 472 1672 ταῖς
491 1593 683 1679 ἐπιθυμίαις
705 1593 760 1660 καὶ
778 1597 818 1661 τὰ
835 1608 948 1683 πρῶτα
965 1594 1132 1683 φέρεσθαι

116 1698 193 1787 παρ’
221 1701 345 1783 αὐτοῖς,
367 1701 429 1768 οὐκ
451 1702 638 1786 ἠβουλήθη,
661 1701 851 1788 ἀλλὰπρὸς
874 1705 1010 1779 ἀπαυταΙ
1025 1705 1064 1769 τά
1086 1707 1132 1789 μη

79 1831 104 1872 ιε
118 1809 229 1873 δίκαια
252 1804 434 1890 ἀντιλέγων
457 1820 552 1892 μῖσος
573 1809 684 1894 ἤγειρε
703 1806 758 1874 καὶ
781 1807 948 1894 ἐξηλάσθη
971 1812 1054 1896 πρὸς
1072 1811 1132 1877 αὐ-

26 1919 40 1929 “
117 1926 198 1981 τῶν·
230 1923 287 1998 της
316 1937 350 1979 τε
381 1915 606 1981 Οὐολούσκων
635 1918 830 2001 στρατηγίας
860 1916 964 1994 εὐθὺς
990 1918 1057 2001 ἅμα
1086 1926 1133 2006 τῷ

118 2023 275 2087 διαλῦσαι
302 2023 360 2087 τὸν
388 2024 535 2105 πόλεμον
562 2020 791 2106 ἀπαλλαγῆναι
818 2024 926 2108 παρὸν
956 2021 1012 2088 καὶ
1041 2048 1135 2108 μετε-

117 2130 302 2211 νέγκασθαι
324 2129 386 2212 την
410 2133 541 2212 οἴκησιν
565 2125 706 2214 ἑτέρωσέ
725 2149 794 2212 ποι,
817 2127 897 2206 τέως
919 2128 961 2194 ἀν
984 2129 1005 2213 η
1029 2131 1134 2198 κάθο-

119 2236 178 2311 δος
200 2234 289 2320 αὐτῷ
313 2235 401 2319 δοθῇ
425 2234 490 2299 ὑπὸ
514 2242 571 2318 τῆς
596 2235 770 2319 πατρίδος,
796 2233 851 2300 καὶ
882 2236 926 2320 μὴ
949 2249 1134 2323 παρασχεῖν

80 2365 106 2405 εο
120 2340 222 2406 αὑτὸν
246 2339 378 2426 ἐχθρῶν
401 2340 592 2424 ἐπιβουλαῖς
614 2338 670 2405 καὶ
690 2343 798 2426 όχλων
817 2340 976 2427 ἀμαθίαις
995 2347 1135 2428 σκοπόν,

119 2447 181 2513 ούκ
204 2445 359 2530 ἠξίωσεν,
387 2443 458 2512 ἀλλ’
485 2446 681 2513 ὑπεύθυνον
708 2449 859 2531 οἰόμενος
883 2449 955 2519 δεῖν
977 2452 1014 2515 τὸ
1039 2461 1135 2536 σῶμα

118 2565 300 2640 παρασχεῖν
318 2565 388 2632 τοῖς
405 2556 636 2619 πεπιστευκόσι
654 2556 714 2639 την
733 2553 839 2639 ἀρχὴν
857 2554 912 2620 καὶ
931 2557 1034 2640 λόγον
1053 2556 1135 2624 ἀπο-

120 2665 201 2739 δοὺς
231 2655 278 2726 ὧν
301 2658 418 2747 ἔπραξε
441 2660 522 2725 κατὰ
549 2662 609 2745 τὴν
636 2660 833 2746 ἡγεμονίαν,
864 2667 896 2726 εί
919 2685 950 2726 τι
978 2665 1205 2748 φαίνοιτοιοοα

119 2769 245 2834 ἀδικῶν
273 2769 334 2852 τὴν
361 2768 443 2833 κατὰ
470 2769 595 2852 νόμους
622 2766 781 2854 ὑποσχεῖν
810 2769 923 2853 δίκην,
952 2777 1009 2852 τῆς
1032 2772 1136 2858 ἀκρας

80 2895 107 2936 25
122 2875 336 2959 δικαιοσύνης
359 2873 399 2939 ού
421 2876 545 2950 καλοὺς
567 2871 709 2957 ἀπέλαβε
733 2874 884 2958 μισθούς.

193 3002 207 3050 1
227 2995 340 3065 ἀκριτος
358 2993 459 3049 suidas
532 2991 700 3050 όλείπουσα
720 2993 821 3050 Suidas
846 2999 850 3062 Ι
875 2993 985 3065 πέφυκε
1003 3000 1097 3053 λιπεῖν
1110 2999 1137 3055 A

121 3067 293 3137 9Μοίρκιον
313 3066 344 3122 δὲ
364 3066 386 3121 Ο
405 3066 558 3136 praeterB
650 3072 682 3120 12
701 3085 731 3120 τε
750 3065 852 3121 add.B
943 3073 975 3120 13
994 3067 1044 3122 καὶ
1062 3068 1136 3124 ούτω

120 3139 155 3194 τδι
173 3147 270 3208 πρῶτα
294 3155 317 3194 ο.
337 3136 425 3192 Cobet
444 3137 509 3194 obs.
528 3155 556 3206 p.
579 3144 629 3193 166
722 3143 755 3192 14
773 3137 1009 3211 <ἠ>βουλήθηΒ
1103 3145 1136 3194 15

122 3275 333 3404 &enlga?&nB
452 3285 484 3333 18
504 3299 553 3333 ποι
568 3322 573 3333 .
590 3276 682 3342 έωςΒ
706 3207 774 3342 τέἀὲ
801 3281 862 3337 οοδ.
882 3279 1077 3336 Peirescianus
1101 3283 1137 3338 cf.

122 3351 186 3406 Men
209 3351 322 3406 essohn
340 3351 410 3406 Mus,
429 3350 518 3420 Rhen.
538 3356 721 3419 38‚126eqs.
742 3349 793 3414 ἕως
810 3351 836 3405 R
935 3357 968 3407 19
988 3353 1092 3422 δοθείη
1113 3353 1137 3408 0

123 3424 199 3492 δοθῇ
219 3422 280 3478 οοδ.
298 3421 492 3477 Peirescianus
511 3423 540 3475 οδ
558 3420 703 3492 Kiessling
