2424 3848
502 207 670 261 -Θ-
1025 207 1090 272 347

77 366 134 434 καί
157 363 258 445 αὖθις
280 379 346 433 τῶν
369 367 519 452 ὑπάτων,
546 366 602 434 καί
624 367 719 455 μέχρι
741 374 868 435 πολλοῦ
891 379 949 454 τῆς
971 367 1093 454 άψιμα-

24 480 149 561 Βσοχίας
175 486 242 539 τῶν
270 477 380 558 λόγων
408 473 687 559 ἐκμηκυνθείσης,
714 473 844 560 ἐκείνην
872 472 933 560 μὲν
956 476 1017 559 τὴν
1041 474 1092 540 ἐκ·

73 584 214 666 κλησίαν
247 578 400 645 διέλυσεν
432 581 482 657 είς
513 582 617 646 νύκτα
649 578 881 664 συγκλεισθεὶς
913 582 930 648 ὁ
962 585 1091 668 χρόνος.

73 684 271 774 προθέντων
295 683 333 751 δὲ
355 687 457 751 πάλιν
479 697 546 751 τῶν
568 687 746 772 δημάρχων
765 688 813 763 είς
830 691 945 773 τρίτην
964 687 1091 774 ἀγοράν

75 796 136 878 την
162 791 239 879 περὶ
265 802 326 858 τοῦ
352 795 460 877 νόμου
488 794 685 876 διάγνωσιν,
712 790 768 857 καὶ
796 795 1021 870 συνελθόντος
1043 796 1090 858 ἐτι
1117 814 1131 856 ι

74 901 229 975 πλείονος
252 900 299 975 είς
321 899 426 982 αὐτὴν
449 899 551 982 όχλου
572 901 610 964 τὸ
628 899 859 983 παραπλήσιον
877 908 922 986 τῷ
940 897 1090 988 προτέρῳ

77 1003 201 1090 συνέβη
234 1003 393 1089 γενέσθαι
425 1005 543 1081 πάθος.
589 1014 687 1070 τοῦτο
718 1004 865 1069 συνιδὼν
894 1004 912 1070 ὁ
939 1006 1126 1082 Πόπλιοςὸ

76 1115 163 1196 ἔγνω
186 1113 266 1196 μήτε
289 1121 359 1188 τοῖς
380 1110 518 1187 ὑπάτοις
541 1107 726 1196 ἐπιτρέπειν
749 1112 797 1175 ἔτι
820 1119 880 1176 τοῦ
902 1112 1010 1194 νόμου
1032 1134 1089 1175 κα-

32 1277 35 1282 ,
74 1229 229 1303 τηγορεϊν
252 1219 332 1302 μήτε
354 1219 546 1302 πατρικίους
569 1215 627 1282 ἐάν
646 1225 685 1301 τῇ
703 1219 902 1303 ψηφοφορίᾳ
918 1227 1087 1302 παρείναν

74 1321 151 1389 καθ’
180 1320 341 1409 ἑταιρείας
369 1323 432 1408 γδρ
461 1320 583 1387 ἐκείνοι
609 1320 666 1387 καὶ
694 1323 775 1387 κατά
804 1322 994 1408 συστροφάς
1020 1323 1087 1407 άμα
1102 1346 1129 1386 ιο

72 1441 143 1506 τοῖς
165 1427 291 1495 ἑαυτῶν
314 1428 469 1504 πελάταις
486 1428 548 1493 οὐκ
567 1427 693 1510 ὀλίγοις
711 1423 787 1495 οὖσι
804 1429 912 1494 πολλά
930 1425 1012 1514 μέρη
1031 1437 1090 1512 τῆς

74 1535 198 1621 ἀγορᾶς
228 1545 396 1619 κατεῖχον,
428 1531 673 1611 ἐπικελεύοντές
701 1556 736 1598 τε
766 1545 835 1611 τοῖς
865 1543 1089 1620 κατηγοροῦσι

72 1650 133 1706 τοῦ
160 1643 266 1725 νόμου
290 1637 345 1706 καί
366 1643 596 1725 θορυβοῦντες
617 1642 697 1717 τοὺς
718 1639 1012 1726 ἀπολογουμένους
1033 1639 1089 1706 καλ

72 1747 157 1811 άλλα
184 1746 290 1810 πολλά
317 1745 532 1830 πράττοντες,
557 1744 717 1830 ἀκοσμίας
738 1769 773 1811 τε
796 1745 852 1812 καὶ
875 1751 950 1832 βίας
972 1756 1029 1831 τῆς
1052 1747 1089 1813 ε’ν

71 1863 144 1929 ταῖς
164 1854 290 1936 ψήφοις
313 1849 472 1936 ἐχομένης
494 1852 679 1936 μηνύματα.
1103 1876 1129 1918 ιι

138 1955 305 2021 ΧΧΧΧΠ.
338 1953 473 2041 Ἐπέσχε
503 1952 536 2020 δ’
569 1957 672 2023 αὐτοῦ
701 1958 742 2022 τὰ
771 1959 981 2043 βουλεύματα
1008 1961 1089 2024 ὄντα

71 2062 255 2149 τυραννικὰ
274 2059 367 2147 ἑτέρα
385 2069 601 2146 συμπεσοῦσα
617 2065 782 2147 θεήλατος
798 2064 963 2150 συμφορά.
989 2066 1089 2142 νόσος

71 2170 136 2255 γάρ
159 2169 265 2252 ἥψατο
287 2168 418 2252 λοιμικὴ
436 2177 495 2252 τῆς
512 2169 650 2250 πόλεως,
672 2166 833 2252 γενομένη
853 2165 916 2253 μὲν
933 2166 988 2234 καί
1005 2171 1088 2234 κατά

24 2279 133 2361 εοιτην
156 2276 261 2357 ἀλλην
281 2270 438 2357 Ἰταλίαν,
464 2273 606 2358 μάλιστα
629 2268 667 2337 δὲ
689 2273 900 2339 πλεονάσασα
922 2275 1004 2339 κατὰ
1026 2277 1088 2360 τὴν

66 2381 208 2466 Ῥώμην*
239 2377 294 2444 καὶ
322 2377 392 2445 οὔτ’
418 2379 616 2466 ἀνθρωπίνη
644 2381 785 2465 βοήθεια
812 2381 907 2465 ἤρκει
933 2391 1003 2458 τοῖς
1029 2381 1087 2445 κά·
1101 2406 1128 2446 εο

72 2503 215 2574 μνουσιν
245 2485 401 2570 οὐδεμία,
431 2483 504 2550 ἀλλ’
536 2485 573 2551 ἐν
603 2495 648 2574 τῷ
680 2492 740 2576 ίσςο
768 2487 863 2552 οἵτε
890 2488 954 2550 σὺν
981 2491 1087 2573 πολλῇ

70 2593 335 2681 θεραπευόμενοι
365 2593 539 2677 φροντίδι,
569 2590 625 2657 καὶ
655 2582 705 2668 οἷς
732 2588 838 2676 μηδὲν
864 2589 991 2674 ἐγίνετο
1020 2603 1087 2658 τῶν

72 2701 231 2783 δεόντων,
253 2695 481 2782 ἀπέθνησκον·
505 2698 580 2763 οῦτε
605 2702 767 2763 λιτανεῖαι
784 2704 876 2763 θεῶν
893 2695 949 2763 καί
967 2702 1087 2763 θυσίαι

71 2804 126 2872 καὶ
157 2801 208 2890 ἐφ’
241 2803 300 2880 οὓς
328 2804 504 2889 ἄνθρωποι
533 2807 742 2880 τελευταίους
771 2803 809 2870 ἐν
838 2815 910 2881 ταῖς
938 2807 1086 2870 τοιαῖσδε

71 2911 308 2995 ἀναγκάζονται
327 2909 547 2994 καταφεύγειν
566 2921 764 2996 συμφοραῖς,
787 2911 822 2975 οί
837 2906 906 2974 κατ’
924 2911 1032 2997 ἀνδρα
1049 2934 1084 2977 τε
1099 2931 1126 2974 25

144 3179 177 3228 10
200 3172 253 3244 γάρ
274 3190 328 3228 om.
340 3172 394 3234 ,Βε
485 3177 516 3225 11
537 3171 712 3245 (πελάταις)
730 3171 754 3225 Β
773 3187 836 3226 cum
854 3170 959 3225 rasuris
1051 3177 1084 3237 1.³

70 3246 261 3326 θορυβοῦντες
280 3243 302 3298 O
322 3241 585 3316 καταθορυβοῦντες
603 3259 626 3296 ο.
640 3241 785 3330 ΚίοεεΠος
824 3317 832 3333 r
856 3246 889 3296 15
907 3241 1017 3322 φήφρις
1035 3261 1085 3324 μη-

70 3310 746 3454 δύμαῦλέῗῗδχλὲένέλΒιίλφὲιςεξδίλέἵης
759 3331 908 3437 μηνὲίῗί
920 3311 1084 3441 ἓὲεέἓίῗωδ

71 3406 174 3526 ῦέῃέφ
196 3430 237 3519 οἷς
256 3456 321 3510 άνόῐ
339 3405 499 3511 τελευάαῖάν
517 3429 569 3510 A‘c
1036 3427 1042 3440 ο
