2378 3840
487 174 655 227 -Θ-
1012 175 1078 240 355

62 334 207 420 ἀμοιβὴν
231 331 261 398 δ’
285 333 445 419 οὐδεμίαν
469 333 665 420 ἐκομίσαντο
687 337 777 418 παρὰ
798 347 866 403 τῶν
884 337 1112 422 πατρικίωυ,2

61 438 135 507 οὐδ’
158 440 354 524 ἀπήλαυσαν
378 439 517 518 οὐδενὸς
538 452 606 507 τῶν
624 453 748 508 κοινῶν
767 442 916 526 ἀγαθῶν,
940 440 1012 509 ἀλλ’
1033 445 1079 522 ὡς

61 545 195 636 πολέμῳ
219 544 355 625 ἁλόντες
377 546 597 635 ἀφῃρέθησαν
619 545 676 614 ὑπ’
697 549 808 615 αὐτῶν
831 547 886 615 καὶ
907 551 967 633 τὴν
987 549 1077 616 ἐλευ-

60 657 194 741 θερίαν,
217 653 260 737 ἣν
283 652 520 720 ἀνασώσασθαι
544 659 743 741 βουλόμενοι
766 662 957 724 καταλιπεῖν
975 658 1077 742 η’ναγ-

61 761 237 846 κάσθησαυ
259 761 321 844 τὴν
343 762 487 847 πατρίδα
508 763 607 850 πόθῳ
630 771 689 847 γῆς
713 760 839 850 ἑτέρας,
865 763 901 829 έν
924 757 946 850 ᾗ
970 767 1007 830 τὸ
1031 766 1075 849 μὴ
1103 780 1117 822 ε

61 866 258 952 ὑβρίζεσθαι
281 866 394 944 αὐτοῖς
417 864 608 953 ἐλευθέροις
631 862 729 934 οὖσιν
751 869 902 957 ὑπάρξει·
925 869 981 935 καὶ
1000 871 1077 936 ούτε

61 973 256 1057 βιασόμενοι
274 973 336 1056 τὴν
355 974 483 1057 βουλὴν
501 973 577 1039 ούτε
595 973 729 1063 πολέμφ
744 976 1078 1061 προσαναγκάσαντες

60 1078 200 1165 εὕροντο
223 1079 285 1162 τὴν
308 1077 368 1144 ἐπί
384 1080 424 1144 τδι
447 1075 592 1165 σφέτερα
613 1080 777 1165 κάθοδου,
799 1079 937 1168 ἀξιούσῃ
961 1078 998 1146 δὲ
1022 1080 1077 1147 καὶ

11 1181 201 1270 Ξτοδεομέυη
228 1185 273 1251 τά,
297 1182 514 1270 ἐκλειφθέντα
536 1182 717 1271 ἀπολαβεῖν
740 1185 886 1265 είξαυτες
910 1189 1075 1269 [ἐδωκαυ].

60 1292 139 1368 τούς
166 1286 202 1355 θ’
231 1289 351 1376 ὅρκους
378 1286 501 1376 διεξῄει
527 1288 663 1369 καὶτὰς
685 1294 857 1375 συνθήκας
879 1293 936 1369 τάς
959 1290 1013 1358 έπλ
1035 1275 1116 1388 m}

59 1398 197 1486 καθόδῳ
217 1394 399 1481 γενομένας
417 1395 619 1463 ἀνεκαλεῖτο·
644 1395 681 1463 ἐν
700 1388 753 1474 αἷς
770 1393 813 1482 ἦν
831 1396 995 1482 ἀμνηστία
1013 1394 1075 1483 μὲν

59 1513 192 1587 πρῶτον
220 1501 390 1587 ἁπάντων,
419 1498 517 1567 ἔπειτ’
550 1500 683 1581 ἐξουσία
709 1514 779 1580 τοῖς
805 1499 945 1587 πένησιν
973 1503 1076 1590 ἀρχάς

60 1607 312 1694 ἀποδεικνύναι,
342 1611 508 1695 τιμωροὺς
534 1604 600 1693 μὲν
624 1606 783 1693 ἐσομένας
810 1611 926 1695 σφίσιν
952 1609 1074 1694 αὐτοῖς,

58 1727 128 1793 τοῖς
151 1711 188 1780 δὲ
206 1717 395 1802 κατισχύειν
414 1713 632 1800 βουλομένοις
649 1715 858 1794 ἀντιπάλους.
891 1716 1110 1796 διεξελθὼυ4

59 1819 97 1887 δέ
123 1829 226 1887 ταῦτα
248 1825 326 1898 τοὺς
348 1823 472 1906 νόμους
494 1820 722 1908 ἐπεδείκνυτο,
750 1823 810 1901 οὓς
832 1824 850 1890 ὁ
874 1825 979 1910 δῆμος
1002 1823 1074 1890 ἐτε-
1088 1843 1114 1885 15

58 1929 210 2015 κύρωσευ
233 1927 274 1993 ού
297 1928 362 2013 πρὸ
379 1930 518 2011 πολλοῦ,
540 1930 600 1994 τόν
617 1952 652 1994 τε
671 1927 832 2015 περὶτῶν
851 1930 1074 2016 δικαστηρίων

58 2041 116 2117 τῆς
146 2039 353 2117 μεταγωγῆς,
385 2030 430 2107 ὡς
460 2033 584 2096 ἔδωκεν
615 2032 636 2114 ἡ
669 2033 775 2117 βουλὴ
807 2042 853 2120 τῷ
886 2036 980 2122 δόμῳ
1012 2037 1073 2118 τὴν

59 2137 213 2218 ἐξουσίαν
235 2141 364 2224 κρίνειν
387 2137 446 2213 οὓς
469 2135 511 2203 ἀν
534 2136 648 2214 αὐτοῖς
671 2138 776 2216 δόξειε
795 2148 863 2203 τῶν
879 2143 1073 2226 πατρικίων,

56 2244 198 2312 καὶτὸν
224 2241 308 2329 ὑπὲρ
335 2251 394 2327 τῆς
420 2245 650 2329 ψηφοφορίας,
678 2242 714 2320 ὃς
741 2241 803 2308 οὐκ
827 2245 875 2308 ἔτι
897 2246 958 2328 την
982 2249 1072 2330 λοχί-

57 2377 111 2418 τιν
134 2351 322 2435 ἐκκλησίαν,
345 2348 429 2415 ἀλλά
451 2352 513 2434 τὴν
535 2357 708 2435 κουριᾶτιν
732 2348 835 2414 ἐποίει
858 2359 925 2415 τῶν
947 2352 1071 2436 ψόφων
1086 2372 1112 2413 ιο

135 2482 187 2523 αυ.

11 2463 319 2632 ετικυρδζΧΧΧἯΙ.
365 2561 559 2641 Διεξελθὼυ
593 2560 631 2628 δέ
662 2564 721 2628 τὸν
755 2557 838 2649 ὑπὲρ
870 2570 930 2628 τοῦ
964 2565 1072 2647 δήμου

57 2675 176 2756 λόγου,
204 2670 400 2756 ἐπιστρέψας
417 2667 479 2734 ,ε’πὶ
507 2672 566 2736 τὸν
580 2667 737 2735 Ἄππιον·
776 2665 909 2735 Ἔπειτα
934 2671 976 2734 σὺ
999 2673 1073 2735 τολ-

56 2786 135 2865 μᾷς,
161 2772 247 2862 είπε,
275 2778 504 2861 λοιδορεῖσθαι
530 2777 676 2861 τούτοις,
703 2773 747 2841 δι’
775 2775 834 2853 οὓς
861 2775 986 2860 μεγάλη
1010 2771 1072 2860 μὲν

128 3010 144 3059 2
164 3003 376 3078 ἀπ<ή>λαυσαν
395 3004 441 3058 Bb
496 3010 512 3060 9
531 2998 764 3076 ἐκλ<ει>φθέντα
782 3002 805 3056 Β
827 3006 831 3073 Ι
851 3003 1005 3076 ἀναλαβεῖν
1024 3001 1050 3056 Α
1066 3001 1070 3074 λ

57 3073 167 3130 ἔδωκαν
182 3092 236 3131 om.
248 3075 270 3130 O
280 3078 393 3145 praeter
401 3072 507 3145 AOmg
521 3076 551 3130 eb
565 3075 753 3129 omihtendum
765 3072 829 3129 'esse
843 3090 866 3129 ο.
877 3073 986 3142 Kayser
998 3073 1071 3128 Ann.

54 3147 125 3216 phil.
143 3151 212 3202 1868
227 3165 255 3216 p.
272 3152 323 3202 806
343 3148 439 3200 censet
494 3151 527 3201 10
547 3144 700 3216 .όρκουςΒ
755 3152 788 3200 12
807 3143 959 3199 πάυτωνΟ
979 3141 1072 3198 ἀποίν-

55 3237 110 3272 των
133 3217 278 3287 Kiessling
369 3222 402 3271 17
426 3216 474 3288 ὡς]
494 3211 516 3269 ὦ
539 3233 576 3272 se.
596 3215 672 3284 νόμω
695 3216 795 3270 Portus
887 3221 920 3268 19
944 3212 1000 3284 εἷχε
1018 3214 1071 3268 ΑΒ

56 3286 97 3344 ἔτι
114 3288 141 3342 R
165 3291 170 3359 1
195 3289 311 3360 λοχῖτιν]
331 3285 485 3356 κουριάτην
499 3271 526 3341 ὀ.
545 3269 661 3366 Reiskp'
721 3291 755 3340 20
780 3282 930 3354 ἐκκλησίαν
948 3284 974 3339 Α
992 3280 1071 3351 ἐξου-

53 3359 166 3486 mk?
192 3361 197 3429 l
221 3376 272 3429 pro
297 3367 442 3430 κουριᾶτιν
465 3357 561 3428 potius
585 3355 763 3411 sonbendum
787 3373 847 3412 esse
871 3355 1024 3426 φυλετικὴν
1047 3372 1070 3410 ο.

853 3515 909 3569 23*
