2424 3848
109 162 176 226 220
533 164 699 212 -Η-

111 329 232 409 σβειῶν
255 323 453 400 ἀποστολαῖς
479 327 682 405 παρακαλεῖν
709 323 802 387 σῖτόν
825 343 859 386 τε
882 318 938 385 καὶ
961 320 1047 386 ὅπλα
1070 319 1126 387 καὶ

111 435 259 518 χρηματα
286 429 341 497 καὶ
368 425 471 496 τάλλα
498 430 587 497 ὅσων
615 430 683 493 ἔδει
710 436 756 516 τῷ
779 425 911 516 πολέμῳ
940 429 996 492 διδι
1023 432 1127 495 πολυ·

76 541 236 624 2χειρίας
263 537 580 624 παρασκευάσασθαι
606 535 660 601 καλ
691 534 729 600 έν
751 535 850 621 τάχει.
896 535 941 612 ὡς
963 531 993 599 δ’
1021 534 1127 620 ἀπηγ-

112 649 226 729 γειλαν
249 644 362 721 αὐτοῖς
384 640 647 724 ἀναστρέψαντες
665 643 701 708 οί
720 640 874 728 πρέσβεις
892 641 931 719 ὅς
948 642 1037 727 παρὰ
1060 652 1129 707 τῶν

85 748 268 837 εἙρνίκων
304 753 425 835 ἔλαβον
462 749 665 834 ἀποκρίσεις,
702 749 753 814 ὅτι
790 751 960 833 συνθήκας
992 744 1054 834 μὲν
1087 750 1130 815 οὸ

112 874 215 944 φασιν
243 857 358 934 αὐτοῖς
389 851 476 922 εἶναι
503 858 586 942 πρὸς
612 853 792 938 Ῥωμαίους
823 863 920 940 κοινῇ
947 855 1131 941 γενομένας

113 962 284 1047 οὐδέποτε,
312 964 370 1039 τὰς
394 958 432 1028 δὲ
458 964 541 1047 πρὸς
567 959 706 1045 βασιλέα
733 961 921 1046 Ταρκύνιον
948 961 1131 1047 ὁμολογίας

113 1071 282 1135 αἰτιῶνται
303 1070 465 1134 λελύσθαι
483 1071 544 1152 την
562 1065 590 1132 τ’
613 1065 718 1152 ἀρχὴν
737 1065 979 1153 ἀφαιρεθέντος
997 1066 1131 1136 ἐκείνου

113 1174 169 1242 καὶ
191 1176 391 1260 τεθνηκότος
413 1171 467 1239 ἐπὶ
489 1181 546 1256 τῆς
568 1170 674 1256 ξένης·
699 1175 730 1237 εί
747 1172 789 1239 δέ
803 1196 890 1250 τινες
908 1171 1055 1260 ἁρπαγαὶ
1074 1175 1132 1243 καλ

75 1306 101 1348 10
113 1280 318 1369 καταδρομαὶ
345 1289 402 1364 τῆς
428 1281 537 1365 χώρας
565 1277 717 1363 ε’γένοντο
747 1280 802 1344 διδι
830 1284 1035 1366 λῃστηρίων,
1069 1283 1133 1349 οὐκ

115 1389 178 1456 ἀπὸ
202 1397 316 1472 κοινῆς
338 1388 472 1471 γνώμης
493 1383 668 1470 γεγονέναι
691 1384 858 1470 λέγουσιν,
885 1384 956 1452 ἀλλ’
985 1389 1133 1455 ἰδιωτῶν

115 1495 300 1579 ἀδικήματα
328 1497 508 1578 μετιόντων
541 1493 581 1557 τδι
609 1494 695 1575 ίδια,
726 1491 782 1558 καὶ
814 1489 894 1559 οὐδὲ
923 1495 1001 1571 τοὺς
1027 1505 1203 1563 ταῦταιειε

116 1603 302 1688 δράσαντας
323 1598 479 1686 παρέχειν
502 1590 571 1664 οἷοί
590 1596 619 1664 τ’
641 1597 728 1665 είσὶν
751 1598 804 1665 έπὶ
826 1602 935 1685 δίκην,
957 1600 1052 1684 ἕτερα
1076 1601 1135 1668 καὶ

116 1705 212 1773 αὐτοὶ
230 1717 365 1772 τοιαῦτα
383 1703 589 1772 πεπονθέναι
608 1704 759 1790 λέγοντες
772 1705 828 1773 καλ
841 1705 1133 1794 ἀντεγκαλοῦντες,

77 1803 258 1916 Ξάσμενοί
273 1810 302 1878 τ’
323 1814 388 1877 είσι
407 1810 563 1897 δέχεσθαι
586 1814 645 1878 τὸν
668 1816 824 1896 πόλεμον.
857 1817 966 1878 Ταῦτα
984 1813 1004 1897 ἡ
1024 1818 1133 1901 βουλὴ

117 1926 272 2005 μαθοῦσα
300 1918 485 2005 ἐψηφίσατο
513 1922 692 2003 νείμασθαι
719 1921 781 2003 την
803 1934 1071 2007 καταγραφεῖσαν
1096 1921 1133 1989 ἐκ

116 2037 184 2092 τῶν
202 2023 372 2112 νεωτέρων
392 2026 548 2111 στρατιὰν
567 2034 674 2112 τριχῇ·
693 2027 820 2092 τούτων
840 2023 878 2091 δὲ
896 2028 956 2111 τὴν
975 2024 1037 2112 μέν
1052 2033 1133 2113 μίαν

117 2135 241 2218 ἄγοντα
269 2136 301 2198 Γ
298 2134 374 2199 ἀῖον
398 2130 573 2199 Ἀκύλλιον
600 2135 659 2198 τὸν
686 2132 813 2198 ὅπατον
843 2133 942 2217 ὁμόσε
965 2142 1005 2219 τῇ
1024 2132 1134 2221 Ἑρνί-

117 2265 187 2307 κων
210 2247 346 2327 στρατιᾷ
364 2252 499 2326 χωρεῖν·
522 2237 659 2325 καὶγὰρ
679 2237 799 2305 ε’κεῖνοι
817 2241 882 2324 ἤδη
901 2235 986 2324 ἦσαν
1004 2240 1043 2306 έν
1063 2254 1135 2321 τοῖς

77 2375 104 2415 νο
117 2346 244 2425 ὅπλοις·
267 2349 328 2432 την
353 2341 382 2411 δ’
409 2343 524 2431 ἑτέραν
548 2348 647 2411 Τῖτον
665 2349 805 2411 Σίκκιον
825 2345 878 2411 ἐπὶ
898 2346 1136 2427 Οὐολούσκους

117 2455 224 2537 ἀγειν,
247 2455 305 2519 τὸν
329 2452 442 2539 ἕτερον
461 2464 532 2518 Ιτῶν
554 2452 701 2538 ὑπάτων,
728 2453 789 2537 την
814 2449 851 2517 δὲ
874 2454 995 2538 λοιπὴν
1018 2459 1136 2540 τρίτην

117 2561 237 2646 μερίδα
259 2562 494 2646 παραλαβόντα
517 2562 669 2646 Σπόριον
693 2559 859 2646 Λάρκιον,
889 2559 926 2638 ὃς
947 2555 990 2644 ἦν
1014 2561 1135 2631 ἀποδε-

119 2664 291 2751 δειγμένος
318 2666 383 2731 ὑπὸ
410 2676 478 2730 τῶν
500 2663 641 2752 ζὺπάτων
669 2668 809 2752 ἔπαρχος
835 2668 897 2751 την
920 2669 1055 2750 ἔγγιστα
1078 2681 1137 2756 της

118 2776 244 2850 πόλεως
266 2775 378 2858 χώραν
400 2772 592 2856 φυλάττειν·
619 2774 697 2850 τοὺς
725 2769 756 2837 δ’
781 2770 865 2859 ὑπὲρ
893 2775 952 2838 τὸν
976 2790 1135 2861 στρατιω-

78 2908 104 2948 ιε
118 2882 212 2946 τικὸν
244 2879 446 2963 κατάλογον,
478 2878 552 2946 ὅσοι
580 2880 724 2963 δύναμιν
756 2875 847 2966 εἶχον
879 2883 927 2946 ἔτι
959 2884 1136 2964 βαστάζειν

119 2987 217 3071 ὅπλα,
238 2983 420 3072 ταχθέντας
441 2986 507 3053 ὑπὸ
531 2989 695 3071 σημαίαις
711 2988 770 3064 τάς
792 2984 821 3052 τ’
846 2988 948 3072 ἀκρας
970 3001 1135 3077 φρουρεῖν

191 3149 207 3198 8
227 3141 413 3197 αίτιῶνταιΟ
437 3143 492 3197 del.
512 3143 601 3199 Cobet
620 3143 684 3198 obs.
703 3161 731 3214 p.
752 3150 803 3198 167
832 3145 941 3199 οἴονται
958 3161 981 3198 ο.
1002 3144 1136 3202 Gelenius

122 3222 154 3270 13
174 3212 230 3270 οἷοί
248 3213 319 3269 εἰσιν
338 3232 361 3269 ο.
376 3213 520 3285 Kieusling
538 3215 603 3270 Bas.
622 3214 717 3284 Progr.
736 3234 763 3285 p.
778 3222 813 3271 20
886 3220 921 3268 14
938 3213 1067 3285 λέγοντες
1085 3218 1136 3273 καὶ

120 3287 175 3341 del.
196 3285 297 3340 (λοιπον
315 3285 381 3341 Obs.
400 3304 428 3355 p.
443 3292 478 3341 30
534 3293 567 3341 15
586 3283 702 3356 ἄσμενοί
720 3306 750 3341 τε
769 3284 895 3356 λέγοντες
916 3303 939 3341 ο.
959 3286 1062 3342 Garrer
1081 3289 1099 3344 l.
1115 3289 1134 3344 1.

120 3365 153 3412 21
173 3353 353 3427 τριτημερίδα
372 3373 395 3412 ο.
410 3355 555 3426 KIessling
574 3356 637 3412 coll.
658 3357 725 3411 VIII
745 3364 818 3426 ῖῖ,3
909 3364 943 3412 26
963 3359 1136 3428 σημείαιςΟ

120 3445 190 3484 corr.
210 3427 332 3496 Sylburg
351 3427 385 3481 cf.
405 3428 495 3483 Cobet
513 3428 577 3483 Obs.
597 3446 623 3496 p.
641 3433 691 3482 167

156 3590 223 3608 *-
