2424 3848
514 209 674 257 -z-
1058 204 1187 305 ιει

84 370 226 455 ύστερον
239 368 447 454 χρησάμενος
459 369 583 452 νόμους
596 365 623 433 τ’
640 367 929 453 ἀπροβουλεύτους
943 367 1101 454 εἰσφέρει,

83 473 139 541 καὶ
161 476 302 552 τούτους
324 473 511 559 ἐπιψηφίζει
535 475 611 560 δίχα
628 483 686 558 τῆς
703 472 861 559 ὑμετέρας
884 477 1027 559 γνώμης,
1045 473 1101 540 καὶ

85 574 134 659 οἷς
157 581 200 648 ἀν
224 573 320 665 ὑμεῖς
339 580 496 666 ἐκφέρητε
515 582 678 665 δόγμασιν
697 580 738 646 ού
756 579 909 666 προσέχει
928 584 987 647 τὸν
1004 590 1101 665 νοῦν,

83 685 138 754 καὶ
170 697 239 753 τών
267 686 403 753 ὑπάταν
435 687 480 763 ώς
512 687 573 752 οὐκ
605 688 717 772 ὀρθῶς
747 687 809 770 την
841 690 940 753 πόλιν
972 686 1101 773 ἐπιτρο-

35 797 257 861 423πενόντων
290 796 481 880 κατηγόρει,
515 791 570 858 καὶ
600 805 669 870 τοῖς
699 792 891 878 ἐκβαίνουσι
923 794 1012 879 παρὰ
1043 795 1101 871 τὰς
1128 815 1140 856 ε

83 898 245 986 ὑμετέρας
273 903 455 984 συνθηκας·
487 901 594 965 πολλά
623 896 653 964 δ’
681 898 786 984 ἐστίν,
817 893 864 964 ὧν
892 899 933 965 οὐ
962 901 1101 966 δύναται

84 1007 312 1092 στοχάσασθαι
321 1008 479 1091 λογισμὸς
493 1005 717 1093 ἀνθρώπινος·
733 1006 774 1072 οὐ
788 1006 849 1089 την
863 1008 977 1091 τύχην,
991 1007 1100 1089 ὥσπερ

84 1111 197 1199 ἐχρῆν,
220 1112 303 1179 ἀλλά
326 1114 387 1197 τὴν
404 1111 568 1199 ὑμετέραν
587 1112 761 1199 ἐπιγράφει
779 1112 945 1196 διάνοιαν,
968 1111 1100 1196 ἐπιβου-
1147 1125 1150 1132 ’

83 1220 247 1286 λεύεσθαί
270 1215 306 1284 θ’
333 1215 392 1304 ὑφ’
418 1219 514 1302 ὑμῶν
542 1221 765 1304 σκηπτόμενος
792 1217 847 1284 καὶ
871 1216 1028 1300 δεδιέναι,
1055 1218 1099 1301 μη

83 1327 144 1410 τὴν
174 1323 372 1410 ἐλευθερίαν
402 1323 571 1410 ἀφέλησθε
602 1324 623 1409 ἢ
654 1333 712 1409 τῆς
741 1326 899 1410 πατρίδος
933 1323 1100 1408 ἐκβάλητε,
1114 1345 1141 1384 10

83 1431 183 1506 αὑτὸς
211 1426 263 1515 ἐφ’
295 1431 376 1515 ὑμῖν
402 1441 505 1496 ταῦτα
532 1431 768 1515 μηχανώμενος
795 1431 954 1514 διατελεῖ,
980 1427 1036 1494 καὶ
1063 1431 1100 1495 τὸ

82 1538 127 1622 μὴ
151 1542 276 1602 παθεῖν
300 1535 317 1601 δ
342 1534 528 1602 δεδοικέναι
550 1539 666 1621 φησίν,
691 1535 753 1601 οὐκ
775 1528 865 1625 ἀλλφ
888 1534 955 1601 τινὶ
977 1541 1101 1621 φυλατ-

82 1647 223 1728 τόμενος
253 1644 353 1726 δῆλός
375 1642 480 1726 ἐστιν,
508 1642 597 1730 ὑτῷ
623 1643 742 1727 δρᾶσαι
764 1643 908 1728 φθάσας.
954 1641 1136 1726 ἐδηλώσε3

82 1746 120 1815 δέ
148 1758 249 1815 τοῦτο
272 1749 430 1832 πολλάκις
452 1745 514 1835 μὲν
536 1747 777 1835 καὶπρότερον
800 1747 855 1814 καὶ
886 1746 938 1814 ἐπὶ
966 1753 1099 1815 πολλῶν

82 1851 132 1922 ών
155 1853 344 1942 ἐξείργομαι
367 1862 557 1941 μεμνῆσθαι
580 1856 662 1920 κατά
685 1857 722 1920 τὸ
745 1858 869 1940 παρόν,
897 1856 1038 1939 μάλιστα
1062 1852 1099 1921 δὲ
1113 1876 1139 1918 15

80 1962 241 2048 Μάρκιον
260 1959 394 2027 τουτονὶ
412 1963 471 2026 τὸν
489 1964 669 2046 φιλόπολιν
688 1963 806 2047 ἀνδρα,
829 1962 905 2027 οὔτε
923 1963 1100 2047 προγόνων

81 2068 224 2154 ἀφανῶν
252 2069 332 2134 όντα
361 2064 431 2133 οὔτ’
462 2067 565 2132 αὐτὸν
598 2065 696 2153 ἀρετῇ
729 2070 926 2151 λειπόμενον
958 2067 1100 2145 οὐθενὸς

80 2176 193 2260 ἡμῶν,
226 2174 457 2257 αἰτιασάμενος
489 2172 718 2257 ἐπιβουλεύειν
748 2173 836 2262 αὐτῷ
865 2171 920 2238 καὶ
952 2175 1100 2261 πονηράς

81 2281 209 2348 ἐνθάδε
227 2281 360 2364 γνώμας
378 2277 499 2364 λέγειν,
519 2281 655 2365 ἀκριτον
674 2278 882 2366 ἐπεχείρησεν
900 2279 1097 2346 ἀποκτεῖναι.

34 2386 137 2454 ινιτιαλ
161 2389 194 2453 εί
214 2388 259 2471 μη
284 2388 396 2452 δεινὸν
417 2385 622 2470 ἡγησάμενοι
645 2388 681 2451 τὸ
704 2395 839 2472 πρᾶγμα
862 2387 897 2451 οἳ
917 2380 953 2451 θ’
979 2369 1139 2484 ὑπατοιβ0

80 2492 137 2561 καὶ
160 2493 257 2577 ὑμῶν
280 2493 316 2558 οί
335 2493 375 2558 τά
396 2496 532 2578 κρείττω
557 2501 761 2577 φρονοῦντες
779 2493 1025 2580 συνεστράφητε
1044 2493 1098 2559 καί

81 2601 144 2684 τὴν
167 2602 379 2684 παρανομίαν
398 2598 547 2685 ἐπέσχετε
567 2599 688 2683 αὐτῶν,
711 2597 748 2664 ἐν
765 2608 826 2687 μιᾷ
843 2607 881 2685 τῇ
900 2600 973 2664 τότε
993 2599 1099 2688 ἡμέρᾳ

80 2701 178 2773 πάντ’
216 2703 258 2770 ἀν
291 2703 480 2791 ἀφῃρέθητε
487 2754 497 2789 ,
529 2704 591 2769 ὅσα
624 2705 660 2770 οῖ
688 2703 825 2791 πατέρες
855 2701 892 2770 θ’
923 2705 1004 2789 ὑμῖν
1034 2710 1098 2771 σὺν

79 2816 220 2888 πολλοῖς
246 2812 444 2896 κτησάμενοι
470 2814 586 2888 πόνοις
612 2811 788 2877 κατέλιπον
810 2810 865 2878 καὶ
888 2810 983 2878 αὑτοὶ
1005 2812 1098 2897 ὑμεῖς

80 2919 144 2986 οὑκ
174 2910 329 2994 ἐλάττους
363 2916 494 3001 ἀγῶνας
523 2915 659 2983 ἐκείνων
690 2918 892 2996 ὑποστάντες
922 2921 1028 3004 ἐχετε,
1060 2922 1097 2985 τὸ
1112 2936 1138 2977 2⁵

78 3024 225 3110 ἀξίωμα,
252 3024 313 3108 την
340 3023 537 3108 ἡγεμονίαν,
565 3025 626 3108 τὴν
654 3022 863 3109 ἐλευθερίαν·
897 3024 932 3090 οί
957 3020 994 3089 δέ
1023 3049 1098 3108 γεν-

152 3258 169 3306 θ
184 3246 335 3375 ἐκφερὲητε
350 3281 383 3291 -
398 3250 462 3322 τὴν]
477 3251 559 3307 πόλιν
574 3250 596 3305 Ο
611 3252 724 3320 praeter
737 3251 763 3304 A
778 3251 842 3307 add.
858 3254 938 3320 Amg
992 3259 1008 3307 8
1024 3250 1097 3322 ἔφην

79 3317 211 3393 Οέχρην
230 3338 253 3376 ο.
292 3320 396 3375 intenis
414 3321 475 3377 Em.
494 3322 576 3376 Dion.
596 3322 683 3376 11122
777 3321 844 3376 12δ
877 3321 938 3376 ἃο.
953 3322 1097 3393 Kiossling

79 3399 114 3449 16
129 3391 322 3464 φιλοπόλεμον
342 3392 364 3446 Ο
384 3408 452 3447 corr.
473 3393 596 3462 Sylburg
668 3399 702 3447 23
721 3392 815 3447 πάντα
880 3392 986 3456 πάντες
1002 3393 1097 3448 Κίεεε-

79 3466 143 3536 ling
163 3467 168 3538 Ι
190 3462 220 3520 os
237 3480 290 3519 om.
309 3463 364 3516 AB
384 3480 421 3517 an
439 3461 483 3519 ὅτ’
505 3461 550 3518 οίλ
623 3468 656 3519 25
677 3462 769 3533 ἐσχετε
788 3482 811 3518 ο.
831 3462 954 3532 Sylburg
