2424 3848
543 175 710 223 -Η..

118 344 176 418 τῆς
205 339 377 400 ποιεῖσθαι
408 336 519 418 λόγον.
571 334 720 419 ἐπάνειμι
751 332 798 419 δ’,
827 335 909 401 ὅθεν
938 336 986 413 είς
1016 344 1136 402 τούτου

119 437 236 526 ἐξέβην
258 442 317 506 τὸν
340 443 452 523 λόγον.

184 545 309 611 LVIL
330 547 427 612 Μετά
454 547 516 631 την
540 546 577 613 ἐκ
603 558 663 615 τοῦ
685 549 829 634 χάρακος
851 548 1046 632 ἀπαλλαγὴν
1069 559 1136 615 τῶν

120 664 290 736 γυναικῶν
314 653 332 719 ὁ
354 654 509 742 Μάρκιος
532 653 608 741 περὶ
629 657 690 720 τὸν
713 657 842 742 όρθρον
865 655 1052 739 ἀναστήσας
1075 656 1155 740 τὴν

120 760 278 847 στρατιὰν
296 758 421 848 ἀπῆγεν
441 761 485 837 ώς
504 762 560 826 διδι
578 763 702 846 φιλίας,
725 759 780 826 καλ
799 761 912 846 ἐπειδὴ
933 760 970 826 έν
988 769 1028 846 τῇ
1049 761 1135 828 Ούο-
1162 783 1176 824 ε

119 868 273 933 λούσκων
297 866 438 951 ἐγένετο,
461 868 580 951 πάντα,
608 868 669 933 ὅσα
693 867 729 933 έκ
751 879 820 933 τῶν
842 868 1003 954 λαφύρων
1026 871 1136 953 ἔλαβε,

120 974 355 1063 δωρησάμενος
380 984 450 1051 τοῖς
474 976 702 1060 στρατιώταις,
733 972 837 1062 ἑαυτῷ
862 971 892 1038 δ’
919 972 993 1038 οὐδ’
1020 975 1135 1041 ὁτιοῦν

60 1080 366 1165 Ιοισύπολιπόμενος
404 1079 567 1146 ἀπέλυσεν
600 1080 653 1146 έπὶ
684 1082 724 1146 τὰ
757 1083 871 1164 οἰκεῖα.
925 1081 945 1164 ἡ
979 1077 1041 1164 μὲν
1073 1075 1135 1146 οὖν

119 1189 353 1270 κοινωνήσασα
380 1197 447 1252 τῶν
474 1186 615 1270 ἀγώνων
640 1187 732 1276 Ιαὐτῶ
762 1187 897 1274 στρατιὰ
920 1187 1053 1276 πλούτφ
1076 1190 1135 1271 βα-

120 1290 181 1376 ρεί
209 1291 392 1378 ἀφικομένη
423 1296 484 1377 τήν
507 1291 759 1362 τ’,ἀνάιίαυλαν
784 1294 846 1359 οὐκ
869 1294 980 1378 ἀηδῶς
1003 1290 1135 1371 ἐδέξατο
1150 1316 1176 1355 ιο

119 1409 179 1464 τοῦ
203 1399 350 1484 πολέμου
373 1399 428 1466 καὶ
452 1397 497 1465 δι’
524 1399 656 1478 εὐνοίας
679 1396 744 1487 εἶχε
763 1404 823 1467 τὸν
844 1401 963 1487 ἀνδρα,
986 1401 1136 1482 συγγνώ-

121 1530 182 1590 μης
205 1503 232 1570 τ’
260 1504 354 1584 ἀξιον
372 1507 504 1596 Ιἡγεῖτο,
532 1508 564 1570 εί
585 1507 629 1590 μη
652 1504 745 1584 τέλος
768 1505 978 1594 έπέθηκετρλ
1002 1503 1135 1595 πολέμῳ

120 1614 243 1697 μητρὸς
265 1617 397 1689 οίκτους
418 1607 473 1677 καὶ
497 1613 588 1689 λιτάς
610 1612 787 1699 ἐντραπείς.
833 1613 854 1696 η
875 1610 905 1676 δ’
928 1611 965 1676 έν
982 1623 1053 1689 ταῖς
1076 1615 1171 1682 nm

120 1723 213 1785 λεσιν
236 1718 441 1803 ὑπομείνασα
464 1722 580 1802 νεότης
599 1725 777 1805 φθονοῦσα
797 1715 858 1804 μὲν
876 1731 946 1797 τοῖς
965 1717 1018 1784 έπλ
1037 1737 1135 1805 στρα-

120 1823 263 1891 τοπέδου
286 1821 478 1908 γενομένοις
504 1836 571 1890 τῶν
594 1828 727 1890 πολλῶν
751 1824 934 1908 ὠφελειῶν,
957 1826 1136 1910 διημαρτη-
1150 1850 1176 1892 ιε

120 1944 198 1998 κυία
235 1929 264 1997 δ’
303 1925 350 1995 ὧν
380 1931 537 2015 ἤλπισεν,
573 1933 605 1996 εί
638 1934 860 2018 καθαιρεθείη
898 1933 934 1997 τὸ
967 1929 1137 2018 Ῥωμαίων

120 2041 277 2126 φρόνημα
307 2046 364 2121 τῆς
392 2040 520 2114 πόλεως
550 2037 709 2123 ἀλούσης,
739 2038 950 2126 ἐτραχύνετο,
965 2039 1048 2124 πρὸς
1077 2039 1136 2104 τὸν

120 2145 267 2229 ἡγεμόνα
289 2141 344 2208 καὶ
366 2144 623 2231 πικράςσφόδρα
644 2139 701 2228 ἦν·
724 2143 780 2209 καὶ
803 2149 997 2218 τελευτῶσα,
1021 2143 1135 2226 ἐπειδὴ

121 2259 180 2318 τοῦ
204 2252 323 2335 μίσους
346 2248 509 2334 ἡγεμόνας
532 2252 629 2333 ἔλαβε
647 2253 727 2328 τοὺς
744 2256 900 2316 πλεῖστον
919 2250 957 2316 έν
975 2259 1020 2339 τςό
1041 2252 1136 2316 ἔθνει

122 2353 341 2440 δυναμένους,
364 2354 549 2442 ἐξηγριώθη
573 2380 607 2422 τε
631 2354 685 2422 καὶ
709 2360 809 2444 ἔργον
828 2358 968 2443 ἔδρασεν
986 2356 1134 2443 ἀνόσιον.
1150 2380 1177 2420 εο

120 2457 163 2546 ἦν
191 2457 229 2526 δὲ
256 2462 382 2538 Τύλλος
400 2459 530 2540 ’Ἀττιος
557 2463 575 2529 ὁ
603 2465 660 2539 τάς
682 2462 783 2549 ὀργὰς
806 2461 917 2527 αὐτῶν
939 2463 1172 2550 παραθηξαςῧ

121 2571 207 2654 έχων
225 2566 301 2654 περὶ
321 2568 423 2634 αὐτὸν
442 2566 589 2656 ἑταιρίαν
604 2569 637 2648 έξ
652 2569 778 2653 ἀπάσης
791 2571 919 2646 πόλεως
933 2569 993 2634 ούκ
1008 2569 1135 2654 ὀλίγην.

120 2675 226 2763 τούτῳ
251 2671 280 2739 δ’
304 2676 367 2761 ἀρα
390 2674 545 2743 έδέδοκτο
568 2679 765 2761 παλαίτερον
789 2679 836 2741 ἔτι
860 2677 918 2741 τὸν
941 2679 1076 2762 φθόνον
1096 2676 1136 2742 ού

47 2778 298 2869 1644δυναμένρι
321 2779 486 2865 κατέχειν,
514 2778 632 2867 εί-μὶν
655 2775 692 2846 εὖ
715 2781 841 2868 πράξας
863 2782 881 2847 δ
904 2782 1059 2869 Μάρκιος
1081 2780 1137 2847 καὶ

121 2889 183 2972 την
200 2883 369 2971 Ῥωμαίων
396 2889 496 2952 πόλιν
525 2889 781 2974 διαφθείραςί
750 2911 797 2965 ες
821 2887 1057 2966 Οὐολούσκους
1085 2891 1137 2955 ἕλ-
1151 2907 1177 2951 ετ

129 3055 133 3063 ἱ
193 3083 209 3131 3
229 3078 297 3149 μετά
316 3081 413 3134 τοίνυν
431 3079 482 3148 τὴν
502 3097 526 3138 c
540 3079 644 3134 Reiske
722 3089 737 3136 8
756 3080 977 3151 νπολειπόμενος
995 3079 1018 3135 Ο
1038 3082 1137 3136 ὑπολι-

121 3147 280 3220 πόμενοςο
295 3149 416 3220 Sylburg
488 3151 536 3205 9
551 3153 648 3224 βαρει
666 3151 795 3224 Ββαρει
808 3153 833 3206 R
842 3168 904 3221 ego
924 3150 1016 3275 {iuga
1104 3158 1135 3207 17

122 3216 345 3291 έτετράχνντοο.
365 3221 454 3276 Cobet
466 3223 538 3277 Nov
557 3223 633 3278 Leot.
646 3241 674 3292 p.
689 3229 741 3277 582
761 3218 894 3294 ἐτράχυνε
913 3223 944 3277 τὸ
1034 3228 1066 3276 19
1086 3222 1137 3292 μύ-

123 3309 229 3355 σονςο.
249 3292 351 3347 Reiske
406 3298 438 3346 21
454 3290 614 3357 ’ἈττιδοςΒ
635 3298 639 3363 Ι
660 3294 765 3366 αὐτῶν]
784 3295 858 3366 αύτῷ
877 3293 902 3346 A
921 3295 1016 3356 αὐτοῖς
1035 3291 1136 3348 Suidas

116 3381 145 3425 ε.
159 3381 185 3421 v
205 3361 383 3455 παραθήγων
456 3370 489 3419 25
508 3363 632 3438 <είς>Β
657 3369 661 3436 Ι
687 3367 862 3473 διαφθείρας
881 3363 921 3428 είς
942 3364 1137 3427 Οὐολούσκους

121 3433 264 3501 ύποτάξας
283 3433 305 3488 Ο
324 3436 437 3504 praeter
453 3435 477 3489 B

919 3527 971 3580 14*
