2424 3848
526 180 692 229 ..Η-

102 337 378 423 προσληφθέντας
396 339 444 415 είς
461 339 522 421 τήν
536 342 706 405 πολιτείαν
716 337 872 425 Ἕρνικας
886 343 992 406 οίκεῑα
1010 337 1115 428 ἑαυτῷ

101 444 354 530 παρασκευάσας
375 444 416 510 τά
439 446 533 530 ἔθνη.

168 551 265 616 LXX.
312 554 422 617 Ταῦτα
454 550 647 635 διανοηθεὶς
672 561 712 638 τή
744 554 824 637 μετὰ
855 554 914 618 τὸν
946 557 1118 639 θρίαμβον

102 657 208 745 ήμίρᾳ
231 658 428 724 συνεκάλεσε
450 660 488 724 τὸ
511 663 641 742 πλήθος
669 660 716 736 είς
738 657 927 743 ἐκκλησίαν·
954 658 1010 725 καλ
1033 681 1118 748 παρ-

76 765 216 830 εελθὼν
244 764 297 830 ἐπί
324 766 362 830 τὸ
390 768 495 849 βήμα,
523 765 567 841 ὡς
589 767 669 841 ἔθος
690 763 759 830 ἐστὶ
781 776 890 831 ποιεῖν
912 777 981 843 τοῖς
1003 773 1118 852 τεθρι-

103 874 296 955 αμβευκόσι,
323 866 541 955 πρῶτονμὲν
569 867 718 935 ἀπέδωκε
739 872 800 936 τὸν
828 867 912 955 ὑπὲρ
940 883 1006 937 τῶν
1034 895 1119 960 πρα-

66 975 253 1062 2χθέντων
276 977 365 1064 αὐτῷ
389 980 502 1060 λόγον,
530 972 571 1042 οὗ
593 976 756 1061 κεφάλαια
778 972 821 1061 ήν
843 987 957 1044 ταῦτα·
985 979 1037 1044 ὅτι
1059 988 1119 1064 τῆς

103 1080 164 1168 μὲν
187 1085 317 1168 πρώτης
343 1083 499 1160 ὑπατείας
525 1084 635 1167 τυχὼν
656 1085 694 1149 τὸ
718 1087 877 1168 Σαβίνων
900 1086 1001 1162 ἔθνος
1024 1084 1169 1152 ἀντι-15
1193 1096 1197 1114 ¹

101 1191 305 1274 ποιούμενον
323 1199 380 1273 τής
397 1189 574 1274 ἡγεμονίας
591 1189 678 1274 μάχη
698 1192 835 1273 νικήσας
847 1189 996 1275 ὑπήκοον
1011 1193 1117 1277 ήνάγ-

62 1315 88 1356 ιο
101 1314 181 1361 αασε
199 1293 369 1380 Ῥωμαίοις
391 1294 563 1380 γενέσθαι·
591 1294 803 1381 ἀποδειχθείς
831 1293 868 1362 δὲ
895 1300 932 1364 τὸ
956 1298 1117 1385 δεύτερον

101 1403 224 1480 ύπατος
250 1403 311 1486 τήν
339 1402 502 1487 ἐμφύλιον
529 1403 650 1467 ἔπαυσε
677 1412 734 1486 τής
762 1406 890 1480 πόλεως
919 1404 1035 1470 στάσιν
1059 1403 1116 1471 καλ

101 1510 264 1592 κατήγαγε
294 1511 354 1574 τὸν
388 1510 494 1593 δῆμον
525 1510 572 1585 είς
600 1510 662 1593 τήν
689 1511 846 1595 πατρίδα,
878 1514 1045 1589 Λατίνους
1077 1509 1116 1578 δὲ

102 1625 272 1699 συγγενεῖς
293 1610 354 1699 μὲν
378 1616 476 1691 ὄντας
497 1625 555 1699 τῆς
572 1612 739 1699 Ῥωμαίων
761 1619 898 1700 πόλεως,
924 1614 975 1682 άελ
998 1613 1036 1682 δε
1059 1627 1118 1702 τῆς

101 1722 278 1805 ἡγεμονίας
299 1718 356 1786 καλ
377 1730 435 1803 τής
457 1719 555 1805 δόξης
578 1721 660 1807 αὐτή
688 1728 919 1807 φθονοῦντας,
945 1726 993 1800 είς
1019 1728 1117 1810 φιλύ-

61 1847 86 1886 15
101 1850 181 1911 τητα
205 1829 371 1911 συνήγαγε
389 1837 447 1911 τής
466 1829 685 1905 ἰσοπολιτείας
702 1831 875 1914 μεταδούς,
898 1831 981 1897 ὥστε
1000 1831 1117 1916 μηκέτι

65 1937 86 2002 3
101 1933 295 2017 ἀντίπαλον,
317 1933 400 1999 άλλά
420 1935 563 2019 πατρίδα
581 1935 642 2018 τήν
655 1932 783 2018 Ῥώμην
801 1939 957 2020 νομίζειν.
1002 1942 1116 2022 τρίτον

101 2036 139 2106 δὲ
170 2041 331 2117 καταστάς
363 2037 416 2105 ε’πλ
448 2042 509 2124 τήν
541 2041 645 2124 αὐτήν
676 2039 783 2126 άρχήν
817 2042 1053 2121 Οὐολούσκους
1084 2042 1113 2111 τ’

102 2147 268 2231 ήνάγκασε
291 2151 411 2232 φίλους
428 2144 504 2212 άντλ
520 2150 688 2231 πολεμίων
706 2133 864 2231 γενέσθαι
881 2148 937 2215 καλ
955 2152 992 2215 τὸ
1006 2146 1116 2236 Ἑρνί-

99 2277 168 2318 κων
196 2256 298 2330 ἔθνος
324 2251 407 2339 μέγα
436 2276 470 2319 τε
498 2250 553 2318 καί
585 2254 726 2338 άλκιμον
757 2251 813 2319 καλ
844 2259 986 2339 πλησίον
1018 2267 1116 2342 σφῶν

60 2379 87 2418 20
100 2363 254 2443 κείμενον
277 2359 434 2444 βλάπτειν
461 2382 495 2424 τε
522 2357 578 2425 καλ
607 2359 749 2445 ὠφελεῖν
771 2360 812 2425 τά
835 2359 971 2445 μέγιστα
995 2362 1115 2429 ίκανώ-

37 2521 39 2524 .
66 2472 201 2532 4τατον
225 2463 379 2532 ἑκούσιον
401 2464 598 2550 ὑπηγάγετο.
643 2466 745 2532 ταῦτά
762 2489 797 2531 τε
818 2465 934 2551 δήκαὶ
955 2467 996 2532 τά
1015 2468 1115 2553 ὅμοια

99 2573 229 2649 τούτοις
256 2571 437 2650 διεξελθὼν
464 2570 560 2655 ήξίου
587 2573 646 2637 τὸν
674 2573 780 2656 δῆμον
809 2568 914 2660 ἑαυτῷ
937 2573 1115 2662 προσέχειν

98 2681 158 2744 τὸν
195 2688 297 2762 νοῦν,
333 2679 377 2756 ὡς
413 2679 502 2764 παρὰ
533 2678 657 2756 πάντας
688 2680 766 2756 τοὺς
797 2679 919 2756 άλλους
949 2683 1115 2766 πρόνοιαν

100 2788 209 2871 ἔχοντι
235 2795 296 2851 τοῦ
322 2795 439 2852 κοινοῦ
465 2782 520 2851 καλ
548 2786 594 2863 είς
621 2787 679 2852 τὸν
702 2786 821 2851 λοιπὸν
844 2784 952 2864 ἕξοντι
980 2791 1114 2874 χρόνον.

171 2950 187 2996 2
212 2945 308 3011 *post
331 2940 402 3011 ἔθνη
423 2958 440 2995 κ
465 2940 616 3012 Sylburgio'
639 2940 810 3023 βουλόμενος
829 2941 1014 3013 desideretur,
1039 2945 1115 3014 quod

100 3013 175 3084 Cmg
193 3013 287 3079 addin
306 3014 342 3069 ab
362 3012 453 3068 οίκεῖα
466 3029 534 3068 voce
548 3011 681 3067 Reishus
700 3029 804 3067 novum
818 3017 904 3083 eaput
922 3030 1037 3069 exorsus
1057 3018 1113 3084 est3

101 3083 371 3157 συμπεριλαμβάνων
399 3101 421 3139 c.
449 3083 571 3138 Sintenis
595 3083 655 3138 Em.
675 3083 756 3140 Dion.
775 3084 815 3138 HI
836 3091 881 3152 133
903 3081 1038 3157 Ἕρνικας
1065 3087 1114 3142 καλ

100 3155 188 3219 οὕτως
206 3153 297 3211 οἰκεῖα
317 3173 339 3210 ο.
354 3155 444 3212 Cobet
458 3155 523 3210 Obs.
537 3172 565 3224 p.
582 3160 647 3222 1693
671 3170 725 3224 ego
745 3157 776 3209 et
798 3158 884 3225 eaput
902 3155 1051 3225 antiquum
1070 3175 1114 3214 re-

101 3226 185 3281 stitui
199 3228 229 3281 et
241 3234 292 3284 v.‘2
306 3245 357 3297 pro
372 3224 593 3297 παρασκευάσαι,
627 3226 684 3279 uod
699 3224 721 3280 Ο
735 3227 881 3295 praebent,
895 3229 1114 3297 παρασκευάσας

100 3299 131 3352 in
148 3297 235 3353 verba
253 3297 348 3367 recepi
451 3305 574 3352 3ταύτα
593 3243 628 3366 δή
648 3296 814 3366 διανοηθεὶς
832 3297 921 3353 Cobet
939 3297 958 3354 l.
973 3299 991 3354 l.
1097 3306 1113 3354 6

100 3366 266 3424 ἀποδέδωκε
287 3371 308 3424 Ο
328 3367 457 3424 ἀπέδωκε
477 3367 600 3423 Sintenis
614 3368 674 3422 Em.
689 3367 770 3423 Dion
786 3368 825 3422 ΙΠ
840 3374 871 3422 11
929 3375 961 3423 13
980 3370 1033 3440 μὲν
1048 3372 1113 3426 add.

99 3440 122 3492 Β
197 3446 229 3495 16
249 3441 280 3495 τὸ
299 3444 392 3510 τρίτον
411 3458 433 3498 ο.
454 3439 543 3496 Cobet
561 3437 626 3495 Obs.
645 3457 672 3508 p.
688 3443 739 3493 169
900 3464 904 3471 ε
