2424 3848
104 188 169 252 134
527 191 694 240 *H-

102 362 195 437 χεῖον
227 350 345 429 ἐλπίζω
376 351 577 434 γενησεσθαι
606 349 711 434 <την>
742 351 938 435 μεταβολήν.
988 344 1028 416 εὖ
1058 351 1122 437 γὰρ

103 465 188 541 ίστε,
219 457 269 523 ὅτι
296 462 429 523 πολλῶν
456 458 521 540 ἤδη
544 461 712 541 πολεμίων
734 455 950 544 πειραθέντες
966 454 1123 542 Ῥωμαῖοι

102 561 248 641 οὐθένας
270 568 397 649 μᾶλλον
421 565 554 628 ἔδεισαν
572 564 679 648 ὑμῶν,
701 561 773 628 οὐδ’
798 562 900 648 έστίν,
923 561 975 650 ἐφ’
994 557 1021 652 ᾧ
1041 569 1125 648 μάλ-

102 675 163 736 λον
197 670 438 748 σπουδάζοντες
475 672 686 736 διατελοῦσιν
718 669 739 754 ἣ
771 670 860 748 ὅπως
889 673 928 737 τὸ
959 668 1125 758 ὑμέτερον

67 743 203 856 ιοξέθνος
235 772 375 853 ἀσθενὲς
407 775 630 855 ἀποδείξουσι.
675 773 730 842 καὶ
760 778 817 841 διὰ
846 784 944 843 τοῦτο
974 777 1035 854 τὰς
1063 774 1127 862 μὲν

102 880 235 972 πολέμῳ
263 884 422 966 λαβόντες
449 881 544 966 ὑμῶν
572 884 685 966 έχουσι
712 884 839 965 πόλεις,
866 883 924 960 τάς
949 879 987 948 δὲ
1008 887 1127 968 φιλίας

103 988 212 1054 ἐλπίδι
235 988 556 1074 παρακρουσάμενοι,
580 988 635 1052 ἵνα
654 989 698 1072 μὴ
716 985 794 1053 καθ’
811 988 849 1053 ἓν
867 989 1009 1067 ἅπαντες
1028 994 1128 1074 γενό-

102 1119 197 1180 μενοι
220 1097 336 1161 κοινὸν
359 1093 546 1178 ἐξενέγκητε
564 1092 634 1158 κατ’
653 1094 766 1160 αὐτῶν
785 1098 960 1179 πόλεμον,
977 1095 1038 1162 έάν
1059 1093 1125 1164 οὖν

100 1201 259 1268 τάναντία
281 1201 375 1285 ὑμεῖς
398 1200 747 1285 ἀντιφιλοτιμούμενοι
772 1202 940 1285 διατελῆτε
963 1201 1020 1267 καὶ
1040 1206 1123 1288 μίαν

61 1329 87 1369 10
100 1311 239 1386 ἀπαντες
263 1311 354 1393 έχητε
378 1305 498 1393 <περὶ>
521 1316 580 1373 τοῦ
602 1304 750 1391 πολέμου
774 1309 924 1392 γνώμην,
953 1308 1166 1377 ὃποιεῖτειῶ

100 1417 188 1498 νυνί,
212 1415 337 1502 ῥηιδίως
360 1413 470 1479 αὐτῶν
493 1415 531 1479 τὸ
554 1413 673 1498 κράτος
694 1415 845 1479 παύσετε.

168 1521 261 1586 VIII
288 1517 351 1584 Ὃν
375 1518 412 1584 δὲ
434 1522 559 1604 τρόπον
578 1518 777 1602 ἀγωνιεῖσθε
795 1518 937 1597 καὶπῶς
954 1477 1125 1607 χρήσεσθε

101 1638 171 1703 τοῖς
197 1627 405 1712 πράγμασιν,
433 1626 546 1710 ἐπειδὴ
576 1627 712 1711 γνώμην
735 1625 868 1705 ἀξιοῦτέ
888 1651 928 1712 με
951 1627 1126 1714 ἀποφήνα-

102 1739 195 1817 σθαι,
218 1727 275 1797 εῖτ’
293 1732 464 1818 ἐμπειρίαν
483 1755 539 1817 μοι
558 1740 804 1818 μαρτυροῦντες
821 1730 879 1798 εἴτ’
897 1734 1035 1801 εύνοιαυ
1053 1743 1122 1802 είτε

60 1859 85 1899 15
99 1837 154 1904 καὶ
180 1837 364 1924 ἀμφότερα,
392 1838 509 1924 φράσω
533 1835 588 1903 καὶ
611 1837 673 1903 οὐκ
695 1837 940 1926 ἀποκρύψομαι.
984 1854 1124 1927 πρῶτον

99 1943 160 2030 μὲν
186 1940 248 2010 οὗν
271 1946 353 2030 ὑμῖν
375 1956 526 2030 παραινῶ
550 1955 703 2028 σκοπεῖν,
730 1945 818 2022 ὅπως
842 1946 961 2031 εὐσεβῆ
985 1946 1043 2013 καὶ
1067 1950 1118 2014 δι-

99 2056 197 2118 καίαν
225 2056 411 2137 πορίσησθε
440 2061 499 2117 τοῦ
527 2048 674 2134 πολέμου
696 2053 875 2136 πρόφασιν.
920 2052 1061 2138 εὐσεβὴς
1085 2052 1123 2121 δὲ

98 2158 154 2224 καὶ
177 2161 287 2224 δικαία
303 2168 363 2224 τοῦ
381 2156 527 2242 πολέμου
551 2159 727 2242 πρόφασις,
750 2158 822 2241 ἥτις
844 2157 887 2223 ἀν
910 2158 1118 2242 γένοιτοκαὶ

63 2267 170 2349 2άμα
190 2263 406 2351 συμφέρουσα
424 2263 516 2348 ὑμῖν,
539 2261 704 2330 ἀκούσατέ
719 2288 793 2348 μου.
825 2261 997 2349 Ῥωμαίοις
1014 2267 1035 2351 ἡ
1055 2265 1118 2353 μὲν

59 2391 86 2431 νο
100 2369 133 2448 ἐξ
161 2370 263 2456 ἀρχῆς
289 2369 461 2455 ὑπάρξασα
489 2379 530 2454 γῆ
554 2370 692 2456 βραχεῖά
716 2369 784 2436 ἐστι
806 2369 861 2435 καὶ
885 2373 1012 2459 λυπρά,
1039 2373 1060 2458 ἡ
1085 2371 1115 2441 δ’

99 2473 283 2562 ἐπίκτητος,
313 2477 355 2560 ἣν
387 2480 464 2553 τοὺς
493 2480 683 2563 περιοίκους
714 2476 914 2561 ἀφελόμενοι
943 2479 1114 2566 (έχουσι),

97 2585 203 2666 πολλὴ
225 2582 280 2649 καὶ
303 2583 427 2668 ἀγαθή·
450 2582 506 2648 καί
528 2585 559 2648 εί
579 2595 646 2649 τῶν
668 2583 878 2668 ἠδικημένων
901 2584 1033 2653 ἕκαστοι
1050 2589 1115 2673 τὴν

99 2688 226 2756 ἑαυτῶν
252 2690 376 2769 ἀξιοῖεν
403 2689 600 2775 ἀπολαβεῖν,
628 2687 707 2757 οὐδὲ
708 2715 729 2756 ν
757 2691 861 2768 οὕτως
889 2695 1009 2778 μικρὸν
1037 2692 1114 2759 οὐδ’

98 2794 241 2874 ἀσθενὲς
263 2795 371 2863 οὐδ’
358 2799 497 2883 άπορον,
520 2797 565 2874 ὡς
586 2799 624 2862 τὸ
643 2792 849 2920 Ρωμαίων”
827 2814 911 2862 αστυ
935 2799 1119 2882 γενήσεται.

173 2919 220 3007 1*
230 2954 281 3024 τὴν
300 2953 399 3009 addidi
453 2952 654 3025 λπολέμωνΟ
674 2956 814 3024 πολεμίων
834 2953 956 3023 Sylburg
1012 2957 1142 3015 boimo-

99 3027 212 3092 δείξουσι
230 3026 297 3094 Bb!
318 3026 419 3080 καὶ-
438 3027 476 3096 δμ
477 3034 516 3080 ῶν
536 3043 588 3080 om
608 3025 708 3080 Badd
735 3025 811 3094 Bmg
883 3023 1063 3098 δέχὀυσι]
1047 3047 1129 3082 αποα

99 3098 222 3163 δείξουτι
241 3098 319 3151 ΑΒΟ
339 3114 370 3150 os
372 3099 485 3151 tentant
502 3097 560 3166 Lap
562 3114 595 3150 us
669 3104 683 3152 7
707 3095 799 3150 καθδν
817 3096 841 3149 Β
914 3103 929 3151 9
957 3095 1083 3171 <ὑ>μεῐς
1100 3098 1136 3152 Β

101 3173 135 3222 10
153 3186 206 3238 περ
209 3168 219 3221 λ
237 3168 301 3224 αδδ.
321 3167 463 3238 Kiessling
524 3173 557 3221 12
578 3168 631 3230 032?
695 3175 725 3222 17
745 3170 903 3236 πορίσησθε
923 3168 945 3223 Ο
965 3187 1021 3239 πορ
1024 3171 1131 3224 ίσεσθε

101 3254 123 3292 ο.
149 3189 280 3294 ΗετῖΙείο
303 3240 420 3294 Hermes
446 3239 472 3292 X
496 3257 524 3308 p
545 3245 598 3293 417
626 3237 781 3306 ποιήσεσθε
807 3238 896 3293 Cobet
922 3238 1034 3327 Obs.p
1038 3246 1125 3296 ,156

101 3314 133 3362 21
159 3309 329 3381 ἀφελόμενοι
351 3309 438 3380 πολλὴ
460 3310 482 3364 Ο
505 3312 572 3380 post
590 3310 670 3379 ἀφελ.
691 3309 840 3379 Sylburgio
864 3257 1034 3379 κατέχουσι,
1053 3332 1127 3382 καρ

100 3387 221 3435 ποῖνται
249 3382 296 3436 vel
329 3381 407 3435 aliud
434 3382 551 3437 verbum
579 3380 672 3435 simile
700 3380 799 3505 deesse
826 3380 941 3435 videtur
968 3381 1121 3450 ἀφείλοντο

99 3450 185 3506 Porto
192 3453 269 3521 ,.ίιφ
290 3449 384 3521 ἔχουσι
403 3451 529 3507 Sintenis
548 3452 609 3508 Em
629 3451 756 3506 Dion.H
758 3449 920 3521 Ισέχοοσι
940 3401 1014 3523 Omg
