2424 3848
528 179 697 227 „H-

103 343 176 426 χίας
198 336 392 425 ὑποσχέσεις
416 337 598 416 ἐψεύσαντο
620 338 704 421 πρὸς
727 337 860 416 αὐτούς·
891 341 1063 414 συνιόντες
1087 361 1124 404 τε

103 446 185 512 κατδι
199 451 328 529 πλῆθος
346 442 400 510 ἐπὶ
418 447 496 521 τοὺς
515 444 704 529 δημάρχους
722 444 894 524 ὠνείδιζον
913 445 1027 521 αὐτοῖς
1040 465 1125 531 προ-

104 555 222 618 δοσίαν
250 550 306 617 καὶ
338 553 505 635 κατεβόων
537 549 790 636 ἐπικαλούμενοι
823 553 884 636 τὴν
916 550 949 630 ἐξ
983 550 1124 618 ἐκείνων

68 660 302 744 4σνμμαχίαν.
352 667 421 733 τοῖς
450 651 511 738 μέν
541 649 604 719 οὑν
633 657 746 733 ἀλλοις
775 657 837 722 οὐκ
870 655 990 723 ε’δόκει·
1006 661 1124 744 καιρὸς

67 780 91 827 ἐ
105 764 277 852 ἁρμόττων
296 757 382 828 είναι
401 761 548 846 πολέμου
568 771 770 839 συνεστῶτος
788 762 969 850 ὑπερορίου
988 766 1047 841 τὰς
1061 781 1190 831 sco-1724

104 871 230 946 λιτικάς
261 871 384 956 ἔχθρας
416 867 661 954 ἀναζωπυρεῖν,
697 858 745 944 εἷς
784 866 824 933 δέ
853 892 902 946 τις
938 868 970 948 ἐξ
1009 870 1123 936 αὑτῶν

104 978 204 1054 Γάϊος
230 978 379 1052 Μαίνιος
407 974 468 1040 οὐκ
496 975 558 1058 ἔφη
585 974 773 1060 προδώσειν
801 977 879 1052 τοὺς
911 977 1122 1062 δημοτικούς,

104 1081 176 1151 οὐδ’
209 1079 396 1168 ἐπιτρέψειν
428 1091 499 1158 τοίς
532 1080 668 1157 ὑπάτοις
697 1081 853 1167 στρατιάν
883 1082 1122 1169 καταγράφειν,

104 1189 162 1257 ἐὰν
181 1191 225 1274 μὴ
244 1191 407 1274 πρότερον
426 1185 624 1265 ἀποδείξωσι
638 1189 716 1264 τοὺς
734 1188 867 1273 ὑριστάς
884 1197 941 1272 τῆς
960 1191 1123 1274 δημοσίας

63 1319 89 1358 ιο
103 1305 164 1381 γῆς
190 1293 245 1361 καὶ
272 1297 310 1360 τὸ
337 1292 413 1380 περὶ
440 1302 498 1377 τῆς
523 1297 722 1380 κληρουχίας
751 1295 905 1379 ψήφισμα
933 1295 1122 1381 γράψαντες

102 1405 150 1480 είς
180 1405 239 1468 τὸν
273 1403 380 1485 δῆμον
416 1398 636 1483 ἐξενέγκωσιν.
693 1398 935 1483 ἀντιλεγόντων
968 1397 1006 1465 δὲ
1037 1403 1122 1487 πρὸς

102 1518 204 1575 ταῦτα
226 1518 294 1573 τῶν
313 1507 448 1572 ὑπάτων
471 1503 526 1571 καὶ
548 1509 718 1592 πρόφασιν
741 1504 952 1592 ποιουμένων
974 1516 1036 1573 τοῦ
1059 1533 1121 1592 μη-

101 1612 166 1681 θέν
194 1614 282 1702 αὐτῷ
312 1624 513 1699 συγχωρεῖν,
541 1606 588 1678 ὧν
616 1611 726 1698 ἠξίου,
753 1615 813 1678 τὸν
827 1609 877 1679 ’έν
899 1611 1015 1700 χερσὶν
1039 1616 1122 1680 ὄντα

40 1710 44 1717 ’
101 1724 263 1805 πόλεμον,
293 1720 355 1785 οὑκ
382 1722 446 1804 ἔφη
473 1717 646 1803 προσέξειν
674 1719 787 1797 αὑτοῖς
812 1723 872 1786 τὸν
901 1729 1001 1804 νοῦν,
1035 1719 1121 1786 ἀλλά

63 1811 266 1924 ἓνωλύσειν
285 1825 394 1912 ἁπάση
418 1827 558 1910 δυνάμει
581 1825 642 1908 τὴν
662 1828 888 1912 καταγραφήν.
934 1825 989 1891 καὶ
1013 1825 1120 1893 ἐποίει

102 1943 217 1999 ταῦτα·
243 1932 283 1998 ού
302 1935 368 2017 μὴν
389 1931 504 2019 ἴσχυσέ
520 1955 558 2016 γε
576 1930 670 2019 μέχρι
692 1931 815 2010 τέλους.
861 1934 898 1999 οί
917 1935 980 2021 γὰρ
998 1933 1121 2000 ὑπατοι

101 2043 325 2127 προελθόντες
344 2038 404 2118 ἐξω
424 2047 483 2122 τῆς
499 2041 626 2115 πόλεως
645 2037 683 2104 ἐν
700 2046 746 2126 τῷ
765 2039 994 2129 παρακειμένῳ
1013 2043 1121 2130 πεδίῳ

101 2150 181 2224 τοὺς
209 2147 445 2233 στρατηγικοὺς
473 2146 615 2232 δίφρους
642 2147 782 2228 ἔθηκαν·
811 2145 958 2212 ἐνταῦθα
980 2144 1036 2211 καὶ
1059 2150 1122 2214 τὸν

104 2254 339 2338 στρατιωτικὸν
358 2250 532 2318 ἐποιοῦντο
555 2254 750 2336 κατάλογον,
773 2249 829 2317 καλ
850 2255 929 2330 τοὺς
952 2252 1012 2339 οὑχ
1035 2253 1121 2318 ὑπα-

63 2382 90 2422 εο
102 2361 264 2436 κούοντας
286 2369 356 2436 τοίς
378 2362 505 2444 νόμοις,
528 2358 642 2441 ἐπειδὴ
666 2359 787 2435 αὐτοὺς
808 2361 902 2442 άγειν
921 2359 982 2445 οὐχ
1001 2350 1118 2426 οἷοίτ’

102 2463 201 2552 ἦσαν,
222 2467 269 2543 είς
287 2468 436 2552 χρηματα
455 2463 622 2549 ἐζημίουν·
647 2465 738 2541 ὅσοις
756 2461 818 2549 μέν
835 2468 939 2551 χωρία
958 2465 1121 2552 ὑπῆρχεν,

103 2573 317 2649 ἀνακόπτοντες
339 2583 442 2638 ταῦτα
464 2569 520 2636 καὶ
542 2573 601 2648 τάς
624 2571 727 2648 αὐλάς
748 2577 1002 2657 καθαιροῦντες·
1030 2572 1189 2638 δσωνισασ

104 2676 141 2746 δέ
168 2681 350 2764 γεωργικὸς
377 2679 395 2745 ὑ
423 2681 496 2762 βίος
522 2673 565 2762 ἦν
588 2677 626 2743 ἐν
648 2676 834 2765 ἀλλοτρίοις
860 2680 1016 2762 κτήμασι,
1042 2680 1121 2744 τού-

102 2810 170 2851 των
192 2782 330 2868 ἀγοντές
351 2807 386 2850 τε
409 2782 465 2850 καὶ
488 2782 646 2872 φέροντες
666 2785 707 2849 τὰ
727 2782 1018 2871 παρεσκευασμένα
1036 2787 1122 2872 πρὸς

61 2914 88 2956 ει
103 2895 163 2977 την
187 2890 346 2978 ἐργασίαν
370 2891 465 2975 ζεύγη
489 2911 523 2955 τε
546 2890 642 2974 βολκδ
665 2887 721 2955 καλ
745 2893 935 2975 βοσκήματα
958 2889 1014 2957 καλ
1036 2891 1120 2959 ὑπο-

104 3001 197 3082 ζύγια
220 2997 397 3083 ἀχθοφόρα
418 2994 474 3063 καλ
498 2998 598 3081 σκεύη
621 3008 773 3082 παντοία,
796 2989 847 3075 οἷς
869 3006 910 3082 γῆ
933 2993 961 3062 τ’
987 2996 1120 3083 ἐξεργά-

68 3108 189 3184 6ζεται
218 3102 273 3170 καὶ
303 3101 423 3188 καρποὶ
447 3105 716 3188 συγκομίζονται.
767 3104 784 3170 ὁ
818 3099 856 3168 δὲ
885 3105 1026 3169 κωλύων
1058 3107 1121 3189 την

102 3213 317 3300 καταγραφὴν
350 3213 517 3296 δήμαρχος
549 3205 653 3275 οὐθὲν
683 3211 731 3274 ἐτι
757 3220 868 3276 ποιείν
895 3203 938 3292 δν
966 3211 1119 3289 δυνατός.

175 3447 191 3494 6
211 3443 347 3508 ζωπυρείν
365 3438 388 3491 Β
463 3445 477 3494 7
496 3437 621 3501 Μαίνιος
639 3438 662 3494 0

120 3548 258 3630 Α
