2424 3848
548 189 715 238 -H-
1075 182 1138 249 163

116 353 261 434 γνώμην
284 348 520 434 ἐκβησόμενον
543 348 685 433 μάλιστα
707 344 738 411 δ’
757 349 792 413 οί
807 358 874 412 τῶν
891 345 1046 432 πολέμων
1063 346 1139 431 ἡγε-

119 459 237 542 μόνες,
267 455 334 545 ὑσφ
362 456 522 540 μειζόνων
549 476 585 520 τε
612 456 763 537 γίνονται
789 453 990 538 πραγμάτων
1017 455 1139 538 κύριοι,

118 560 177 630 καὶ
190 563 249 638 τάς
261 561 370 638 αἰτίας
382 571 450 626 τῶν
462 560 730 646 κατορθωμάτων
744 559 765 643 ἢ
780 560 984 644 σφαλμάτων
998 560 1139 638 ἅπαντες

46 713 57 731 ι
120 667 176 736 ἐπὶ
192 669 335 744 τούτους
354 663 591 752 ἀναφέρουσιν.
627 663 726 732 ἔπειτ’
748 664 791 731 ἀν
814 662 875 750 μὲν
898 665 1020 751 εὕρωσι
1040 667 1138 750 μηδε-

119 778 202 860 μίαν
219 772 364 840 ἐνοὺσαν
377 771 398 856 ἢ
412 773 531 857 μικράς
547 770 603 838 καλ
622 772 736 856 ὀλίγας
755 771 791 838 ἐν
807 780 853 860 τῷ
868 771 913 856 μὴ
926 779 1138 857 κατορθῶσαι
1164 793 1180 834 5

119 881 264 967 βλάβας,
293 881 453 946 ἅπτονται
474 890 543 945 τῶν
565 881 688 965 ἔργων,
716 878 775 944 έάν
799 875 836 944 δέ
859 879 983 956 πολλάς
1005 877 1060 945 καὶ
1082 903 1138 966 με-

118 989 236 1071 γάλας,
253 985 460 1072 ἀφίστανται.
486 994 585 1052 τοῦτο
604 987 646 1070 δὴ
664 983 720 1051 καὶ
738 987 781 1051 σὺ
797 989 940 1069 ποίησον
952 982 1008 1049 καὶ
1023 989 1137 1052 σκόπει
1152 990 1174 1055 3

118 1095 185 1179 πρὸ
214 1103 283 1159 τῶν
312 1095 437 1177 ἔργων,
465 1091 525 1158 ἐάν
554 1097 682 1177 σφαλῇς
709 1092 792 1158 κατά
820 1094 881 1158 τὸν
909 1093 1056 1176 πόλεμον
1082 1091 1138 1157 καὶ

119 1200 166 1284 μὴ
187 1199 297 1264 πάντα
319 1197 458 1284 ὑπάρξῃ,
480 1202 515 1263 τί
535 1200 741 1283 συμβήσεταί
751 1213 815 1288 ,σοι
837 1203 970 1262 παθεῖν.
1016 1196 1059 1262 δι’
1088 1200 1138 1262 αί-

116 1309 191 1383 πίας
217 1301 280 1390 μὲν
302 1306 361 1389 ἔσῃ
382 1304 472 1388 παρδι
494 1314 564 1382 τοῖς
585 1302 857 1388 ὑποδεξαμένοις,
887 1301 999 1390 μέμφῃ
1022 1300 1060 1370 δέ
1081 1301 1137 1368 καλ
1152 1325 1179 1366 ιο

117 1411 221 1489 αὑτὸς
248 1413 406 1494 σεαυτόν,
431 1411 476 1487 ὡς
502 1413 648 1495 μείζοσιν
671 1409 880 1497 ἐπιχειρήσας
902 1410 1094 1495 πράγμασιν
1116 1410 1137 1495 ἢ

119 1520 290 1594 δυνατοῖς·
314 1524 468 1603 στρατιάς
490 1512 521 1579 δ’
547 1513 706 1603 ἡμετέρας
727 1516 829 1580 πάλιν
852 1514 957 1581 ἐκεῖσε
980 1516 1137 1602 ἀφικομέ-

116 1649 181 1710 νης
201 1621 260 1690 καὶ
285 1622 492 1708 φθειρούσης
513 1623 576 1706 τὴν
602 1621 739 1688 ἐκείνων
767 1631 844 1706 γῆν·
872 1621 999 1709 οὐγὰρ
1023 1622 1137 1701 ἀνεξό-

117 1737 207 1817 μεθα
231 1731 276 1815 μὴ
299 1728 617 1813 ἀντιτιμωρούμενοι
638 1730 717 1806 τοὺς
739 1727 900 1812 ἀρξαντας
922 1729 1008 1814 ἡμᾶς
1029 1741 1137 1808 κακῶς

115 1847 242 1904 ποιεῖν·
266 1836 361 1901 δυεῖν
378 1833 441 1899 ούκ
458 1833 501 1899 ἀν
519 1832 679 1919 ἁμάρτοις
695 1832 853 1919 θατέρου,
876 1834 897 1918 ἢ
919 1837 1003 1921 πρὸς
1026 1836 1136 1903 αὑτῶν
1150 1855 1176 1897 ιι

46 1943 274 2026 ισοιέκείνων,
301 1933 352 2018 οἷς
374 1947 480 2018 αῖτιος
501 1943 560 2027 ἔσχ
590 1950 773 2027 συμφορῶν
800 1941 966 2025 μεγάλων,
993 1944 1137 2027 αίσχρῶς

115 2049 356 2134 ἀναιρεθῆναι,
391 2045 528 2132 ὑπρὸς
557 2045 670 2132 ἡμῶν,
701 2046 760 2123 οὑς
791 2044 983 2112 ἀποκτενῶν
1013 2070 1049 2112 τε
1080 2046 1135 2113 καὶ

116 2157 372 2237 δουλωσόμενος
392 2147 502 2236 ἦλθες.
548 2152 629 2238 τάχα
652 2149 684 2217 δ’
710 2151 752 2218 άν
776 2150 908 2237 ἐκεῖνοι,
930 2151 1011 2241 πρὶν
1034 2152 1072 2220 ἐν
1088 2159 1171 2244 τῷ4

113 2267 243 2328 παθεῖν
269 2283 300 2325 τι
327 2260 430 2324 κακὸν
457 2255 627 2344 γενέσθαι,
655 2259 823 2336 διαλύσεις
850 2268 1021 2327 ποιεῖσθαι
1052 2263 1136 2349 πρὸς

113 2369 204 2454 ἡμᾶς
226 2365 468 2451 ἐπιχειροῦντες
490 2365 628 2430 ἔκδοτον
649 2364 824 2443 ἀξιώσειαν
854 2363 908 2431 ἐπὶ
934 2371 1076 2457 τιμωρίᾳ
1098 2385 1135 2435 σε
1149 2388 1175 2430 ιο

112 2473 354 2559 παραδιδόναι·
387 2470 405 2537 ὃ
434 2468 553 2537 πολλοὶ
580 2470 748 2558 βάρβαροί
766 2494 802 2538 τε
829 2470 884 2538 καὶ
904 2470 1064 2556 ’Έλληνες
1087 2477 1135 2551 είς

112 2580 272 2655 τοιαύτας
293 2576 511 2654 καταστάντες
532 2579 633 2663 τύχας
659 2578 921 2663 ἠναγκάσθησαν
948 2579 1134 2664 ὑπομεῖναι.

113 2681 183 2772 ἆρά
201 2707 239 2768 γε
256 2683 357 2770 μικρά
375 2679 430 2749 καλ
449 2682 510 2749 οὑκ
528 2682 603 2761 ἀξια
620 2685 724 2767 λόγου
747 2681 839 2750 ταῦτ’
861 2679 950 2749 είυαί
970 2701 1023 2751 σοι
1041 2686 1136 2751 δοκεῖ

110 2789 175 2858 καὶ
201 2786 281 2856 δέου
308 2788 419 2855 αὐτῶν
445 2788 616 2873 ὑπεριδεῖν
643 2789 664 2874 ἢ
687 2801 798 2856 κακῶν
825 2791 1027 2874 συμπάντων
1049 2791 1133 2875 <τδι>

112 2900 238 2983 ἔσχατα
259 2902 396 2976 παθεῖν;
1146 2913 1173 2957 ω

189 3023 207 3073 4
225 3012 273 3100 ἐπί
290 3016 398 3099 τούτοις
415 3017 439 3071 Β
512 3023 527 3070 7
547 3017 689 3093 σκύπ<ει>
708 3017 731 3071 Β
804 3016 952 3144 δ’ὑπάρξχ
969 3016 1043 3074 κατὰ
1059 3019 1132 3087 γνῶ·

112 3086 755 3230 ιααθλαελααλέιιλα
772 3129 779 3146 ·
799 3088 1034 3243 κύκλια
1047 3090 1132 3216 λα

112 3231 182 3286 VIII
191 3235 263 3299 am
281 3225 498 3298 ἦάδυυάτοιςΒ
512 3231 561 3286 καλ
579 3229 731 3294 ἀδυνάτοις
745 3248 768 3285 ο.
778 3231 923 3301 Κιεεελυις
941 3231 975 3287 cf.
986 3231 1133 3286 Meutzner

111 3304 188 3358 Am
201 3300 272 3372 phil.
289 3306 357 3357 1882
374 3320 402 3372 p.
416 3308 470 3357 254
525 3310 558 3357 17
577 3302 751 3358 ἀποκτείνων
764 3301 845 3357 ABG
863 3304 1026 3358 ἀποκτενῶν
1044 3301 1131 3372 vulgo

112 3380 150 3429 24
165 3370 274 3429 δέονΟ
302 3372 364 3428 δεῖν
391 3389 415 3428 ο.
434 3371 524 3428 Cobet
542 3373 608 3428 Obs.
625 3391 654 3443 p.
670 3378 721 3428 160
749 3374 796 3428 δεῖ
810 3372 884 3429 Prou
928 3374 932 3443 Ι
974 3373 1009 3428 τὰ
1028 3370 1131 3446 ἔσχατα

111 3443 221 3500 Reisko
238 3442 274 3498 τὰ
292 3443 386 3500 0ηο
440 3449 475 3500 25
493 3447 602 3500 παθεῖν
620 3444 674 3499 del.
694 3441 783 3500 Cobet
801 3443 857 3504 IL

916 3536 970 3589 11*
