<?xml version="1.0" encoding="UTF-8"?>
<!DOCTYPE html PUBLIC "-//W3C//DTD XHTML 1.0 Transitional//EN"
    "http://www.w3.org/TR/xhtml1/DTD/xhtml1-transitional.dtd">
<html xmlns="http://www.w3.org/1999/xhtml" xml:lang="en" lang="en">
 <head>
  <title>
</title>
<meta http-equiv="Content-Type" content="text/html;charset=utf-8" />
  <meta name='ocr-system' content='tesseract 3.04.00' />
  <meta name='ocr-capabilities' content='ocr_page ocr_carea ocr_par ocr_line ocrx_word'/>
</head>
<body>
  <div class='ocr_page' id='page_1' title='image "./dionysihalicarn04diongoog_0201.png"; bbox 0 0 2424 3848; ppageno 0'>
   <div class='ocr_carea' id='block_1_1' title="bbox 112 207 702 273">
    <p class='ocr_par' dir='ltr' id='par_1_1' title="bbox 112 207 702 273">
     <span class='ocr_line' id='line_1_1' title="bbox 112 207 702 273; baseline -0.002 -1"><span class='ocrx_word' id='word_1_1' title='bbox 112 207 176 273; x_wconf 82' lang='lat'><strong><em>186</em></strong></span> <span class='ocrx_word' id='word_1_2' title='bbox 536 210 702 259; x_wconf 82' lang='lat' dir='ltr'><strong><em>—H-</em></strong></span> 
     </span>
    </p>
   </div>
   <div class='ocr_carea' id='block_1_2' title="bbox 67 363 1196 3117">
    <p class='ocr_par' dir='ltr' id='par_1_2' title="bbox 67 363 1196 3117">
     <span class='ocr_line' id='line_1_2' title="bbox 109 363 1128 458; baseline -0.002 -21"><span class='ocrx_word' id='word_1_3' title='bbox 109 381 284 458; x_wconf 77' lang='grc' dir='ltr'><em>χωροῦσαν</em></span> <span class='ocrx_word' id='word_1_4' title='bbox 311 370 436 456; x_wconf 83' lang='grc' dir='ltr'><strong><em>ἀνδρας</em></strong></span> <span class='ocrx_word' id='word_1_5' title='bbox 458 367 609 453; x_wconf 83' lang='grc' dir='ltr'><strong><em>ἀγαθοὺς</em></strong></span> <span class='ocrx_word' id='word_1_6' title='bbox 629 370 738 434; x_wconf 89' lang='grc' dir='ltr'><strong><em>πόλιν.</em></strong></span> <span class='ocrx_word' id='word_1_7' title='bbox 784 366 839 433; x_wconf 83' lang='grc' dir='ltr'><strong><em>καὶ</em></strong></span> <span class='ocrx_word' id='word_1_8' title='bbox 861 368 970 452; x_wconf 80' lang='grc' dir='ltr'><strong><em>ὑμεῖς,</em></strong></span> <span class='ocrx_word' id='word_1_9' title='bbox 999 363 1025 432; x_wconf 82' lang='grc' dir='ltr'>ὦ</span> <span class='ocrx_word' id='word_1_10' title='bbox 1049 367 1128 435; x_wconf 82' lang='grc' dir='ltr'><strong><em>θεοὶ</em></strong></span> 
     </span>
     <span class='ocr_line' id='line_1_3' title="bbox 108 471 1128 564; baseline -0.003 -20"><span class='ocrx_word' id='word_1_11' title='bbox 108 481 238 564; x_wconf 78' lang='grc' dir='ltr'><strong><em>κτήσιοι</em></strong></span> <span class='ocrx_word' id='word_1_12' title='bbox 264 475 320 542; x_wconf 85' lang='grc' dir='ltr'><strong><em>καὶ</em></strong></span> <span class='ocrx_word' id='word_1_13' title='bbox 348 474 438 542; x_wconf 83' lang='grc' dir='ltr'><strong><em>ἑστία</em></strong></span> <span class='ocrx_word' id='word_1_14' title='bbox 466 472 601 563; x_wconf 78' lang='grc' dir='ltr'><strong><em>πατρῴα</em></strong></span> <span class='ocrx_word' id='word_1_15' title='bbox 623 473 678 540; x_wconf 85' lang='grc' dir='ltr'><strong><em>καὶ</em></strong></span> <span class='ocrx_word' id='word_1_16' title='bbox 702 477 857 560; x_wconf 90' lang='grc' dir='ltr'><strong><em>δαίμονες</em></strong></span> <span class='ocrx_word' id='word_1_17' title='bbox 880 474 915 540; x_wconf 77' lang='grc' dir='ltr'><strong><em>οὐ</em></strong></span> <span class='ocrx_word' id='word_1_18' title='bbox 935 471 1128 561; x_wconf 78' lang='grc' dir='ltr'><strong><em>κατέχοντες</em></strong></span> 
     </span>
     <span class='ocr_line' id='line_1_4' title="bbox 73 576 1127 667; baseline -0.006 -15"><span class='ocrx_word' id='word_1_19' title='bbox 73 588 229 653; x_wconf 81' lang='grc' dir='ltr'><strong><em>4τοῦτον</em></strong></span> <span class='ocrx_word' id='word_1_20' title='bbox 251 585 310 649; x_wconf 91' lang='grc' dir='ltr'><strong><em>τὸν</em></strong></span> <span class='ocrx_word' id='word_1_21' title='bbox 332 586 447 667; x_wconf 88' lang='grc' dir='ltr'><strong><em>τόπον,</em></strong></span> <span class='ocrx_word' id='word_1_22' title='bbox 469 584 605 667; x_wconf 79' lang='grc' dir='ltr'><strong><em>χαίρετε.</em></strong></span> <span class='ocrx_word' id='word_1_23' title='bbox 651 582 696 659; x_wconf 82' lang='grc' dir='ltr'><strong><em>ὡς</em></strong></span> <span class='ocrx_word' id='word_1_24' title='bbox 719 578 756 647; x_wconf 74' lang='grc' dir='ltr'><strong><em>δὲ</em></strong></span> <span class='ocrx_word' id='word_1_25' title='bbox 779 577 869 648; x_wconf 86' lang='grc' dir='ltr'><strong><em>ταῦτ’</em></strong></span> <span class='ocrx_word' id='word_1_26' title='bbox 896 576 1000 664; x_wconf 78' lang='grc' dir='ltr'><strong><em>εἶπεν,</em></strong></span> <span class='ocrx_word' id='word_1_27' title='bbox 1030 581 1127 666; x_wconf 77' lang='grc' dir='ltr'><strong><em>ἡμεῖς</em></strong></span> 
     </span>
     <span class='ocr_line' id='line_1_5' title="bbox 109 686 1126 776; baseline -0.001 -20"><span class='ocrx_word' id='word_1_28' title='bbox 109 688 170 776; x_wconf 73' lang='grc' dir='ltr'><strong><em>μὲν</em></strong></span> <span class='ocrx_word' id='word_1_29' title='bbox 184 691 222 756; x_wconf 89' lang='grc' dir='ltr'><strong><em>αί</em></strong></span> <span class='ocrx_word' id='word_1_30' title='bbox 234 692 407 774; x_wconf 77' lang='grc' dir='ltr'><strong><em>δυστυχεῖς</em></strong></span> <span class='ocrx_word' id='word_1_31' title='bbox 425 689 463 766; x_wconf 77' lang='grc' dir='ltr'><strong><em>ἃς</em></strong></span> <span class='ocrx_word' id='word_1_32' title='bbox 480 690 518 755; x_wconf 89' lang='grc' dir='ltr'><strong><em>τὸ</em></strong></span> <span class='ocrx_word' id='word_1_33' title='bbox 537 688 646 767; x_wconf 88' lang='grc' dir='ltr'><strong><em>πάθος</em></strong></span> <span class='ocrx_word' id='word_1_34' title='bbox 664 686 781 775; x_wconf 78' lang='grc' dir='ltr'><strong><em>ἀπῄτει</em></strong></span> <span class='ocrx_word' id='word_1_35' title='bbox 799 688 915 774; x_wconf 82' lang='grc' dir='ltr'><strong><em>φωνάς</em></strong></span> <span class='ocrx_word' id='word_1_36' title='bbox 931 686 1126 771; x_wconf 78' lang='grc' dir='ltr'><strong><em>ἀναβοῶσαι</em></strong></span> 
     </span>
     <span class='ocr_line' id='line_1_6' title="bbox 83 792 1125 880; baseline -0.003 -18"><span class='ocrx_word' id='word_1_37' title='bbox 83 794 165 862; x_wconf 78' lang='grc' dir='ltr'><strong><em>ικαὶ</em></strong></span> <span class='ocrx_word' id='word_1_38' title='bbox 187 798 344 862; x_wconf 83' lang='grc' dir='ltr'><strong><em>παίουσαι</em></strong></span> <span class='ocrx_word' id='word_1_39' title='bbox 367 796 407 860; x_wconf 83' lang='grc' dir='ltr'><strong><em>τὰ</em></strong></span> <span class='ocrx_word' id='word_1_40' title='bbox 431 797 537 880; x_wconf 90' lang='grc' dir='ltr'><strong><em>στήθη</em></strong></span> <span class='ocrx_word' id='word_1_41' title='bbox 560 796 805 880; x_wconf 76' lang='grc' dir='ltr'><strong><em>περιεχύθημεν</em></strong></span> <span class='ocrx_word' id='word_1_42' title='bbox 823 793 912 880; x_wconf 74' lang='grc' dir='ltr'><strong><em>αὐτῷ</em></strong></span> <span class='ocrx_word' id='word_1_43' title='bbox 933 795 1011 870; x_wconf 87' lang='grc' dir='ltr'><strong><em>τούς</em></strong></span> <span class='ocrx_word' id='word_1_44' title='bbox 1029 792 1125 880; x_wconf 76' lang='grc' dir='ltr'><strong><em>ἐσχά-</em></strong></span> 
     </span>
     <span class='ocr_line' id='line_1_7' title="bbox 108 896 1126 985; baseline -0.001 -18"><span class='ocrx_word' id='word_1_45' title='bbox 108 926 187 979; x_wconf 90' lang='grc' dir='ltr'><strong><em>τους</em></strong></span> <span class='ocrx_word' id='word_1_46' title='bbox 210 900 404 985; x_wconf 85' lang='grc' dir='ltr'><strong><em>ἀσπασμοὺς</em></strong></span> <span class='ocrx_word' id='word_1_47' title='bbox 424 901 653 985; x_wconf 89' lang='grc' dir='ltr'><strong><em>κομιούμεναι·</em></strong></span> <span class='ocrx_word' id='word_1_48' title='bbox 679 910 746 966; x_wconf 80' lang='grc' dir='ltr'><strong><em>τῶν</em></strong></span> <span class='ocrx_word' id='word_1_49' title='bbox 770 896 808 965; x_wconf 74' lang='grc' dir='ltr'><strong><em>δὲ</em></strong></span> <span class='ocrx_word' id='word_1_50' title='bbox 829 901 973 965; x_wconf 90' lang='grc' dir='ltr'><strong><em>παιδίων</em></strong></span> <span class='ocrx_word' id='word_1_51' title='bbox 996 901 1126 967; x_wconf 91' lang='grc' dir='ltr'><strong><em>τούτων</em></strong></span> 
     </span>
     <span class='ocr_line' id='line_1_8' title="bbox 110 1001 1126 1093; baseline -0.001 -19"><span class='ocrx_word' id='word_1_52' title='bbox 110 1008 173 1092; x_wconf 82' lang='grc' dir='ltr'><strong><em>ἐγὼ</em></strong></span> <span class='ocrx_word' id='word_1_53' title='bbox 197 1004 258 1092; x_wconf 74' lang='grc' dir='ltr'><strong><em>μὲν</em></strong></span> <span class='ocrx_word' id='word_1_54' title='bbox 281 1010 319 1073; x_wconf 88' lang='grc' dir='ltr'><strong><em>τὸ</em></strong></span> <span class='ocrx_word' id='word_1_55' title='bbox 341 1009 566 1093; x_wconf 83' lang='grc' dir='ltr'><strong><em>πρεσβύτερον</em></strong></span> <span class='ocrx_word' id='word_1_56' title='bbox 588 1001 684 1091; x_wconf 78' lang='grc' dir='ltr'><strong><em>ἦχον,</em></strong></span> <span class='ocrx_word' id='word_1_57' title='bbox 712 1006 733 1090; x_wconf 81' lang='grc' dir='ltr'><em>ἡ</em></span> <span class='ocrx_word' id='word_1_58' title='bbox 758 1002 795 1072; x_wconf 74' lang='grc' dir='ltr'><strong><em>δὲ</em></strong></span> <span class='ocrx_word' id='word_1_59' title='bbox 817 1007 924 1091; x_wconf 89' lang='grc' dir='ltr'><strong><em>μήτηρ</em></strong></span> <span class='ocrx_word' id='word_1_60' title='bbox 946 1008 984 1073; x_wconf 85' lang='grc' dir='ltr'><strong><em>τὸ</em></strong></span> <span class='ocrx_word' id='word_1_61' title='bbox 1006 1008 1126 1074; x_wconf 83' lang='grc' dir='ltr'><strong><em>νεώτε-</em></strong></span> 
     </span>
     <span class='ocr_line' id='line_1_9' title="bbox 109 1109 1126 1201; baseline -0.001 -20"><span class='ocrx_word' id='word_1_62' title='bbox 109 1139 171 1201; x_wconf 93' lang='grc' dir='ltr'><strong><em>ρον</em></strong></span> <span class='ocrx_word' id='word_1_63' title='bbox 203 1110 291 1200; x_wconf 87' lang='grc' dir='ltr'><strong><em>εἶχεν</em></strong></span> <span class='ocrx_word' id='word_1_64' title='bbox 328 1112 381 1180; x_wconf 79' lang='grc' dir='ltr'><strong><em>ἐπὶ</em></strong></span> <span class='ocrx_word' id='word_1_65' title='bbox 417 1123 474 1197; x_wconf 78' lang='grc' dir='ltr'><strong><em>τῆς</em></strong></span> <span class='ocrx_word' id='word_1_66' title='bbox 505 1112 662 1198; x_wconf 80' lang='grc' dir='ltr'><strong><em>ἀγκάλης·</em></strong></span> <span class='ocrx_word' id='word_1_67' title='bbox 699 1112 717 1178; x_wconf 86' lang='grc' dir='ltr'>ὁ</span> <span class='ocrx_word' id='word_1_68' title='bbox 751 1109 779 1177; x_wconf 86' lang='grc' dir='ltr'><strong><em>δ’</em></strong></span> <span class='ocrx_word' id='word_1_69' title='bbox 815 1111 1038 1198; x_wconf 85' lang='grc' dir='ltr'><strong><em>ἀποστραφεὶς</em></strong></span> <span class='ocrx_word' id='word_1_70' title='bbox 1069 1112 1126 1180; x_wconf 85' lang='grc' dir='ltr'><strong><em>καὶ</em></strong></span> 
     </span>
     <span class='ocr_line' id='line_1_10' title="bbox 108 1216 1125 1306; baseline 0 -20"><span class='ocrx_word' id='word_1_71' title='bbox 108 1221 346 1306; x_wconf 81' lang='grc' dir='ltr'><strong><em>παρωσάμενος</em></strong></span> <span class='ocrx_word' id='word_1_72' title='bbox 372 1220 458 1305; x_wconf 77' lang='grc' dir='ltr'><strong><em>ἡμᾶς</em></strong></span> <span class='ocrx_word' id='word_1_73' title='bbox 484 1216 588 1286; x_wconf 76' lang='grc' dir='ltr'><strong><em>εἶπεν·</em></strong></span> <span class='ocrx_word' id='word_1_74' title='bbox 621 1221 707 1306; x_wconf 88' lang='grc' dir='ltr'><strong><em>Οὐτε</em></strong></span> <span class='ocrx_word' id='word_1_75' title='bbox 736 1221 793 1296; x_wconf 89' lang='grc' dir='ltr'><strong><em>σὸς</em></strong></span> <span class='ocrx_word' id='word_1_76' title='bbox 819 1220 893 1296; x_wconf 87' lang='grc' dir='ltr'><strong><em>υίὸς</em></strong></span> <span class='ocrx_word' id='word_1_77' title='bbox 919 1221 984 1303; x_wconf 81' lang='grc' dir='ltr'><strong><em>ἔτι,</em></strong></span> <span class='ocrx_word' id='word_1_78' title='bbox 1010 1228 1125 1306; x_wconf 84' lang='grc' dir='ltr'><strong><em>μήτερ,</em></strong></span> 
     </span>
     <span class='ocr_line' id='line_1_11' title="bbox 69 1321 1130 1412; baseline -0.003 -17"><span class='ocrx_word' id='word_1_79' title='bbox 69 1352 96 1395; x_wconf 84' lang='grc' dir='ltr'><strong><em>ιο</em></strong></span> <span class='ocrx_word' id='word_1_80' title='bbox 109 1331 200 1393; x_wconf 80' lang='grc' dir='ltr'><strong><em>ἔσται</em></strong></span> <span class='ocrx_word' id='word_1_81' title='bbox 227 1329 287 1393; x_wconf 89' lang='grc' dir='ltr'><strong><em>τὸν</em></strong></span> <span class='ocrx_word' id='word_1_82' title='bbox 310 1326 375 1392; x_wconf 87' lang='grc' dir='ltr'><strong><em>ἀπὸ</em></strong></span> <span class='ocrx_word' id='word_1_83' title='bbox 397 1328 496 1392; x_wconf 84' lang='grc' dir='ltr'><strong><em>τοῦδε</em></strong></span> <span class='ocrx_word' id='word_1_84' title='bbox 518 1329 642 1412; x_wconf 94' lang='grc' dir='ltr'><strong><em>χρόνον</em></strong></span> <span class='ocrx_word' id='word_1_85' title='bbox 663 1324 828 1409; x_wconf 91' lang='grc' dir='ltr'><strong><em>Μάρκιος,</em></strong></span> <span class='ocrx_word' id='word_1_86' title='bbox 857 1321 929 1390; x_wconf 83' lang='grc' dir='ltr'><strong><em>ἀλλ’</em></strong></span> <span class='ocrx_word' id='word_1_87' title='bbox 957 1323 1130 1412; x_wconf 84' lang='grc' dir='ltr'><strong><em>ἀφήρηταί</em></strong></span> 
     </span>
     <span class='ocr_line' id='line_1_12' title="bbox 109 1430 1126 1519; baseline -0.001 -19"><span class='ocrx_word' id='word_1_88' title='bbox 109 1452 147 1500; x_wconf 90' lang='grc' dir='ltr'><strong><em>σε</em></strong></span> <span class='ocrx_word' id='word_1_89' title='bbox 169 1435 229 1500; x_wconf 91' lang='grc' dir='ltr'><strong><em>τὸν</em></strong></span> <span class='ocrx_word' id='word_1_90' title='bbox 251 1435 460 1519; x_wconf 76' lang='grc' dir='ltr'><strong><em>γηροβοσκὸν</em></strong></span> <span class='ocrx_word' id='word_1_91' title='bbox 483 1432 503 1516; x_wconf 81' lang='grc' dir='ltr'><strong><em>η</em></strong></span> <span class='ocrx_word' id='word_1_92' title='bbox 527 1435 653 1518; x_wconf 90' lang='grc' dir='ltr'><strong><em>πατρίς,</em></strong></span> <span class='ocrx_word' id='word_1_93' title='bbox 677 1432 753 1498; x_wconf 88' lang='grc' dir='ltr'><strong><em>οὐτε</em></strong></span> <span class='ocrx_word' id='word_1_94' title='bbox 775 1433 833 1508; x_wconf 87' lang='grc' dir='ltr'><strong><em>σὸς</em></strong></span> <span class='ocrx_word' id='word_1_95' title='bbox 855 1430 940 1516; x_wconf 83' lang='grc' dir='ltr'><strong><em>ἀνήρ</em></strong></span> <span class='ocrx_word' id='word_1_96' title='bbox 960 1431 1023 1499; x_wconf 88' lang='grc' dir='ltr'><strong><em>ἀπὸ</em></strong></span> <span class='ocrx_word' id='word_1_97' title='bbox 1047 1434 1126 1499; x_wconf 88' lang='grc' dir='ltr'><strong><em>ταύ-</em></strong></span> 
     </span>
     <span class='ocr_line' id='line_1_13' title="bbox 109 1535 1196 1626; baseline -0.001 -19"><span class='ocrx_word' id='word_1_98' title='bbox 109 1565 177 1625; x_wconf 86' lang='grc' dir='ltr'><strong><em>της,</em></strong></span> <span class='ocrx_word' id='word_1_99' title='bbox 200 1536 226 1605; x_wconf 83' lang='grc' dir='ltr'>ὦ</span> <span class='ocrx_word' id='word_1_100' title='bbox 247 1539 473 1624; x_wconf 79' lang='grc' dir='ltr'><strong><em>Οὐολουμνία,</em></strong></span> <span class='ocrx_word' id='word_1_101' title='bbox 495 1547 551 1623; x_wconf 81' lang='grc' dir='ltr'><strong><em>της</em></strong></span> <span class='ocrx_word' id='word_1_102' title='bbox 569 1536 702 1624; x_wconf 79' lang='grc' dir='ltr'><strong><em>ἡμέρας,</em></strong></span> <span class='ocrx_word' id='word_1_103' title='bbox 725 1535 798 1603; x_wconf 83' lang='grc' dir='ltr'><strong><em>ἀλλ’</em></strong></span> <span class='ocrx_word' id='word_1_104' title='bbox 820 1537 992 1624; x_wconf 87' lang='grc' dir='ltr'><strong><em>εὐτυχοίης</em></strong></span> <span class='ocrx_word' id='word_1_105' title='bbox 1009 1537 1196 1626; x_wconf 76' lang='grc' dir='ltr'><strong><em>ἕτερονιευε</em></strong></span> 
     </span>
     <span class='ocr_line' id='line_1_14' title="bbox 109 1641 1126 1732; baseline 0 -19"><span class='ocrx_word' id='word_1_106' title='bbox 109 1649 217 1732; x_wconf 87' lang='grc' dir='ltr'><strong><em>άνδρα</em></strong></span> <span class='ocrx_word' id='word_1_107' title='bbox 240 1648 389 1729; x_wconf 86' lang='grc' dir='ltr'><strong><em>λαβοῦσα</em></strong></span> <span class='ocrx_word' id='word_1_108' title='bbox 412 1644 709 1731; x_wconf 83' lang='grc' dir='ltr'><strong><em>εὐδαιμονέστερον</em></strong></span> <span class='ocrx_word' id='word_1_109' title='bbox 732 1643 830 1729; x_wconf 81' lang='grc' dir='ltr'><strong><em>ἐμοῦ,</em></strong></span> <span class='ocrx_word' id='word_1_110' title='bbox 858 1641 935 1710; x_wconf 84' lang='grc' dir='ltr'><strong><em>οὐθ’</em></strong></span> <span class='ocrx_word' id='word_1_111' title='bbox 962 1644 1076 1730; x_wconf 82' lang='grc' dir='ltr'><strong><em>ὑμῶν,</em></strong></span> <span class='ocrx_word' id='word_1_112' title='bbox 1099 1642 1126 1713; x_wconf 82' lang='grc' dir='ltr'><strong><em>ὦ</em></strong></span> 
     </span>
     <span class='ocr_line' id='line_1_15' title="bbox 109 1748 1128 1839; baseline -0.003 -20"><span class='ocrx_word' id='word_1_113' title='bbox 109 1750 207 1819; x_wconf 81' lang='grc' dir='ltr'><strong><em>τέκνα</em></strong></span> <span class='ocrx_word' id='word_1_114' title='bbox 229 1754 380 1837; x_wconf 88' lang='grc' dir='ltr'><strong><em>φίλτατα,</em></strong></span> <span class='ocrx_word' id='word_1_115' title='bbox 407 1755 526 1836; x_wconf 90' lang='grc' dir='ltr'><strong><em>πατήρ,</em></strong></span> <span class='ocrx_word' id='word_1_116' title='bbox 553 1748 623 1817; x_wconf 82' lang='grc' dir='ltr'><strong><em>ἀλλ’</em></strong></span> <span class='ocrx_word' id='word_1_117' title='bbox 653 1748 795 1839; x_wconf 84' lang='grc' dir='ltr'><strong><em>ὀρφανοὶ</em></strong></span> <span class='ocrx_word' id='word_1_118' title='bbox 817 1749 873 1816; x_wconf 84' lang='grc' dir='ltr'><strong><em>καὶ</em></strong></span> <span class='ocrx_word' id='word_1_119' title='bbox 897 1753 1013 1837; x_wconf 80' lang='grc' dir='ltr'><strong><em>ἔρημοι</em></strong></span> <span class='ocrx_word' id='word_1_120' title='bbox 1036 1749 1128 1837; x_wconf 78' lang='grc' dir='ltr'><strong><em>παρὰ</em></strong></span> 
     </span>
     <span class='ocr_line' id='line_1_16' title="bbox 70 1848 1121 1962; baseline -0.002 -37"><span class='ocrx_word' id='word_1_121' title='bbox 70 1848 258 1962; x_wconf 62' lang='grc' dir='ltr'><strong><em>155ταύταις,</em></strong></span> <span class='ocrx_word' id='word_1_122' title='bbox 286 1857 347 1935; x_wconf 77' lang='grc' dir='ltr'><strong><em>ἕως</em></strong></span> <span class='ocrx_word' id='word_1_123' title='bbox 373 1858 420 1935; x_wconf 90' lang='grc' dir='ltr'><strong><em>είς</em></strong></span> <span class='ocrx_word' id='word_1_124' title='bbox 447 1859 573 1942; x_wconf 81' lang='grc' dir='ltr'><strong><em>ἀνδρας</em></strong></span> <span class='ocrx_word' id='word_1_125' title='bbox 599 1860 734 1942; x_wconf 81' lang='grc' dir='ltr'><strong><em>ἔλθητε,</em></strong></span> <span class='ocrx_word' id='word_1_126' title='bbox 763 1860 984 1943; x_wconf 85' lang='grc' dir='ltr'><strong><em>τραφήσεσθε.</em></strong></span> <span class='ocrx_word' id='word_1_127' title='bbox 1028 1854 1121 1923; x_wconf 88' lang='grc' dir='ltr'><strong><em>ταῦτ’</em></strong></span> 
     </span>
     <span class='ocr_line' id='line_1_17' title="bbox 109 1962 1127 2049; baseline -0.004 -16"><span class='ocrx_word' id='word_1_128' title='bbox 109 1968 212 2033; x_wconf 84' lang='grc' dir='ltr'><strong><em>είπὼν</em></strong></span> <span class='ocrx_word' id='word_1_129' title='bbox 235 1963 307 2031; x_wconf 82' lang='grc' dir='ltr'><strong><em>ἀλλ’</em></strong></span> <span class='ocrx_word' id='word_1_130' title='bbox 335 1962 440 2032; x_wconf 72' lang='grc' dir='ltr'><strong><em>οὐθὲν</em></strong></span> <span class='ocrx_word' id='word_1_131' title='bbox 463 1965 540 2031; x_wconf 87' lang='grc' dir='ltr'><strong><em>οὐτε</em></strong></span> <span class='ocrx_word' id='word_1_132' title='bbox 569 1963 821 2049; x_wconf 78' lang='grc' dir='ltr'><strong><em>διοικησάμενος</em></strong></span> <span class='ocrx_word' id='word_1_133' title='bbox 845 1962 915 2030; x_wconf 88' lang='grc' dir='ltr'><strong><em>οὐτ’</em></strong></span> <span class='ocrx_word' id='word_1_134' title='bbox 941 1963 1127 2041; x_wconf 78' lang='grc' dir='ltr'><strong><em>ἐπιστείλας</em></strong></span> 
     </span>
     <span class='ocr_line' id='line_1_18' title="bbox 108 2069 1127 2158; baseline -0.005 -17"><span class='ocrx_word' id='word_1_135' title='bbox 108 2071 186 2141; x_wconf 89' lang='grc' dir='ltr'><strong><em>οὐθ’</em></strong></span> <span class='ocrx_word' id='word_1_136' title='bbox 217 2073 293 2139; x_wconf 87' lang='grc' dir='ltr'><strong><em>όποι</em></strong></span> <span class='ocrx_word' id='word_1_137' title='bbox 319 2072 494 2158; x_wconf 80' lang='grc' dir='ltr'><strong><em>πορεύεται</em></strong></span> <span class='ocrx_word' id='word_1_138' title='bbox 520 2071 650 2158; x_wconf 86' lang='grc' dir='ltr'><strong><em>φράσας</em></strong></span> <span class='ocrx_word' id='word_1_139' title='bbox 676 2069 829 2156; x_wconf 77' lang='grc' dir='ltr'><strong><em>ἀπῆλθεν</em></strong></span> <span class='ocrx_word' id='word_1_140' title='bbox 861 2069 897 2136; x_wconf 83' lang='grc' dir='ltr'><strong><em>ἐκ</em></strong></span> <span class='ocrx_word' id='word_1_141' title='bbox 929 2079 986 2155; x_wconf 84' lang='grc' dir='ltr'><strong><em>της</em></strong></span> <span class='ocrx_word' id='word_1_142' title='bbox 1018 2071 1127 2148; x_wconf 89' lang='grc' dir='ltr'><strong><em>οίκίας</em></strong></span> 
     </span>
     <span class='ocr_line' id='line_1_19' title="bbox 108 2173 1127 2269; baseline -0.004 -23"><span class='ocrx_word' id='word_1_143' title='bbox 108 2183 225 2266; x_wconf 88' lang='grc' dir='ltr'><strong><em>μόνος,</em></strong></span> <span class='ocrx_word' id='word_1_144' title='bbox 253 2174 279 2244; x_wconf 83' lang='grc' dir='ltr'>ὦ</span> <span class='ocrx_word' id='word_1_145' title='bbox 306 2189 477 2262; x_wconf 75' lang='grc' dir='ltr'><strong><em>γυναῖκες,</em></strong></span> <span class='ocrx_word' id='word_1_146' title='bbox 504 2179 662 2262; x_wconf 81' lang='grc' dir='ltr'><strong><em>ἄδουλος,</em></strong></span> <span class='ocrx_word' id='word_1_147' title='bbox 689 2178 828 2263; x_wconf 85' lang='grc' dir='ltr'><strong><em>άπορος,</em></strong></span> <span class='ocrx_word' id='word_1_148' title='bbox 858 2173 938 2244; x_wconf 72' lang='grc' dir='ltr'><strong><em>οὐδὲ</em></strong></span> <span class='ocrx_word' id='word_1_149' title='bbox 961 2177 1022 2269; x_wconf 82' lang='grc' dir='ltr'><strong><em>τήν</em></strong></span> <span class='ocrx_word' id='word_1_150' title='bbox 1045 2176 1127 2262; x_wconf 79' lang='grc' dir='ltr'><strong><em>ἐφή-</em></strong></span> 
     </span>
     <span class='ocr_line' id='line_1_20' title="bbox 108 2281 1126 2372; baseline -0.003 -20"><span class='ocrx_word' id='word_1_151' title='bbox 108 2310 210 2372; x_wconf 93' lang='grc' dir='ltr'><strong><em>μερον</em></strong></span> <span class='ocrx_word' id='word_1_152' title='bbox 238 2284 256 2350; x_wconf 89' lang='grc' dir='ltr'>ὁ</span> <span class='ocrx_word' id='word_1_153' title='bbox 286 2285 449 2369; x_wconf 85' lang='grc' dir='ltr'><strong><em>δύστηνος</em></strong></span> <span class='ocrx_word' id='word_1_154' title='bbox 481 2283 518 2350; x_wconf 81' lang='grc' dir='ltr'><strong><em>ἐκ</em></strong></span> <span class='ocrx_word' id='word_1_155' title='bbox 547 2296 614 2350; x_wconf 84' lang='grc' dir='ltr'><strong><em>τῶν</em></strong></span> <span class='ocrx_word' id='word_1_156' title='bbox 642 2281 762 2350; x_wconf 83' lang='grc' dir='ltr'><strong><em>ἑαυτοῦ</em></strong></span> <span class='ocrx_word' id='word_1_157' title='bbox 789 2283 966 2370; x_wconf 90' lang='grc' dir='ltr'><strong><em>χρημάτων</em></strong></span> <span class='ocrx_word' id='word_1_158' title='bbox 994 2285 1126 2370; x_wconf 83' lang='grc' dir='ltr'><strong><em>τροφήν</em></strong></span> 
     </span>
     <span class='ocr_line' id='line_1_21' title="bbox 67 2387 1125 2477; baseline -0.004 -17"><span class='ocrx_word' id='word_1_159' title='bbox 67 2421 95 2461; x_wconf 81' lang='grc' dir='ltr'><strong><em>ιο</em></strong></span> <span class='ocrx_word' id='word_1_160' title='bbox 108 2392 319 2477; x_wconf 78' lang='grc' dir='ltr'><strong><em>ἐπαγόμενος.</em></strong></span> <span class='ocrx_word' id='word_1_161' title='bbox 367 2388 423 2456; x_wconf 82' lang='grc' dir='ltr'><strong><em>καί</em></strong></span> <span class='ocrx_word' id='word_1_162' title='bbox 450 2387 605 2474; x_wconf 78' lang='grc' dir='ltr'><strong><em>τέταρτον</em></strong></span> <span class='ocrx_word' id='word_1_163' title='bbox 636 2389 791 2457; x_wconf 74' lang='grc' dir='ltr'><strong><em>ἐνιαυτὸν</em></strong></span> <span class='ocrx_word' id='word_1_164' title='bbox 822 2391 886 2474; x_wconf 87' lang='grc' dir='ltr'><strong><em>ήδη</em></strong></span> <span class='ocrx_word' id='word_1_165' title='bbox 920 2400 1057 2475; x_wconf 89' lang='grc' dir='ltr'><strong><em>τοῦτον,</em></strong></span> <span class='ocrx_word' id='word_1_166' title='bbox 1091 2389 1125 2468; x_wconf 80' lang='grc' dir='ltr'><strong><em>ἐξ</em></strong></span> 
     </span>
     <span class='ocr_line' id='line_1_22' title="bbox 107 2495 1127 2584; baseline -0.004 -17"><span class='ocrx_word' id='word_1_167' title='bbox 107 2495 149 2567; x_wconf 88' lang='grc' dir='ltr'><strong><em>οὗ</em></strong></span> <span class='ocrx_word' id='word_1_168' title='bbox 172 2498 289 2584; x_wconf 83' lang='grc' dir='ltr'><strong><em>φεύγει</em></strong></span> <span class='ocrx_word' id='word_1_169' title='bbox 310 2498 373 2582; x_wconf 86' lang='grc' dir='ltr'><strong><em>τήν</em></strong></span> <span class='ocrx_word' id='word_1_170' title='bbox 394 2500 548 2583; x_wconf 88' lang='grc' dir='ltr'><strong><em>πατρίδα,</em></strong></span> <span class='ocrx_word' id='word_1_171' title='bbox 577 2498 701 2574; x_wconf 92' lang='grc' dir='ltr'><strong><em>πάντας</em></strong></span> <span class='ocrx_word' id='word_1_172' title='bbox 723 2497 808 2582; x_wconf 76' lang='grc' dir='ltr'><strong><em>ἡμᾶς</em></strong></span> <span class='ocrx_word' id='word_1_173' title='bbox 830 2495 1026 2583; x_wconf 91' lang='grc' dir='ltr'><strong><em>ἀλλοτρίους</em></strong></span> <span class='ocrx_word' id='word_1_174' title='bbox 1049 2495 1127 2564; x_wconf 81' lang='grc' dir='ltr'><strong><em>ἑαυ-</em></strong></span> 
     </span>
     <span class='ocr_line' id='line_1_23' title="bbox 107 2601 1127 2690; baseline -0.001 -19"><span class='ocrx_word' id='word_1_175' title='bbox 107 2615 167 2673; x_wconf 87' lang='grc' dir='ltr'><strong><em>τοῦ</em></strong></span> <span class='ocrx_word' id='word_1_176' title='bbox 189 2608 376 2689; x_wconf 86' lang='grc' dir='ltr'><strong><em>νενόμικεν,</em></strong></span> <span class='ocrx_word' id='word_1_177' title='bbox 399 2604 440 2670; x_wconf 95' lang='grc' dir='ltr'><strong><em>οὐ</em></strong></span> <span class='ocrx_word' id='word_1_178' title='bbox 463 2604 602 2690; x_wconf 75' lang='grc' dir='ltr'><strong><em>γράφων</em></strong></span> <span class='ocrx_word' id='word_1_179' title='bbox 625 2601 742 2687; x_wconf 82' lang='grc' dir='ltr'><strong><em>οὐθέν,</em></strong></span> <span class='ocrx_word' id='word_1_180' title='bbox 766 2603 828 2670; x_wconf 91' lang='grc' dir='ltr'><strong><em>οὐκ</em></strong></span> <span class='ocrx_word' id='word_1_181' title='bbox 847 2602 1061 2688; x_wconf 83' lang='grc' dir='ltr'><strong><em>ἐπιστέλλων,</em></strong></span> <span class='ocrx_word' id='word_1_182' title='bbox 1080 2604 1127 2671; x_wconf 76' lang='grc' dir='ltr'><strong><em>ὀὐ</em></strong></span> 
     </span>
     <span class='ocr_line' id='line_1_24' title="bbox 72 2707 1127 2801; baseline -0.002 -22"><span class='ocrx_word' id='word_1_183' title='bbox 72 2714 147 2789; x_wconf 84' lang='grc' dir='ltr'><strong><em>6τδ</em></strong></span> <span class='ocrx_word' id='word_1_184' title='bbox 173 2710 249 2801; x_wconf 79' lang='grc' dir='ltr'><strong><em>περὶ</em></strong></span> <span class='ocrx_word' id='word_1_185' title='bbox 275 2711 360 2796; x_wconf 78' lang='grc' dir='ltr'><strong><em>ἡμᾶς</em></strong></span> <span class='ocrx_word' id='word_1_186' title='bbox 387 2707 513 2777; x_wconf 81' lang='grc' dir='ltr'><strong><em>είδέναι</em></strong></span> <span class='ocrx_word' id='word_1_187' title='bbox 539 2713 751 2795; x_wconf 83' lang='grc' dir='ltr'><strong><em>βουλόμενος.</em></strong></span> <span class='ocrx_word' id='word_1_188' title='bbox 796 2711 879 2796; x_wconf 88' lang='grc' dir='ltr'><strong><em>πρὸς</em></strong></span> <span class='ocrx_word' id='word_1_189' title='bbox 902 2710 943 2795; x_wconf 84' lang='grc' dir='ltr'><strong><em>δή</em></strong></span> <span class='ocrx_word' id='word_1_190' title='bbox 967 2711 1127 2795; x_wconf 88' lang='grc' dir='ltr'><strong><em>τοιαύτην</em></strong></span> 
     </span>
     <span class='ocr_line' id='line_1_25' title="bbox 107 2811 1127 2907; baseline -0.003 -21"><span class='ocrx_word' id='word_1_191' title='bbox 107 2821 218 2907; x_wconf 77' lang='grc' dir='ltr'><strong><em>ψυχήν</em></strong></span> <span class='ocrx_word' id='word_1_192' title='bbox 242 2819 327 2885; x_wconf 82' lang='grc' dir='ltr'><strong><em>οὕτω</em></strong></span> <span class='ocrx_word' id='word_1_193' title='bbox 352 2817 498 2903; x_wconf 81' lang='grc' dir='ltr'><strong><em>σκληρὰν</em></strong></span> <span class='ocrx_word' id='word_1_194' title='bbox 520 2815 576 2882; x_wconf 80' lang='grc' dir='ltr'><strong><em>καὶ</em></strong></span> <span class='ocrx_word' id='word_1_195' title='bbox 599 2818 764 2902; x_wconf 86' lang='grc' dir='ltr'><strong><em>ἀτρωτον,</em></strong></span> <span class='ocrx_word' id='word_1_196' title='bbox 790 2811 816 2881; x_wconf 80' lang='grc' dir='ltr'><em>ὦ</em></span> <span class='ocrx_word' id='word_1_197' title='bbox 841 2816 1027 2903; x_wconf 89' lang='grc' dir='ltr'><strong><em>Οὐαλερία,</em></strong></span> <span class='ocrx_word' id='word_1_198' title='bbox 1050 2821 1127 2883; x_wconf 86' lang='grc' dir='ltr'><strong><em>τίνα</em></strong></span> 
     </span>
     <span class='ocr_line' id='line_1_26' title="bbox 67 2914 1129 3012; baseline -0.005 -17"><span class='ocrx_word' id='word_1_199' title='bbox 67 2949 94 2994; x_wconf 84' lang='grc' dir='ltr'><strong><em>ει</em></strong></span> <span class='ocrx_word' id='word_1_200' title='bbox 108 2927 205 3012; x_wconf 87' lang='grc' dir='ltr'><strong><em>ίσχύν</em></strong></span> <span class='ocrx_word' id='word_1_201' title='bbox 233 2924 364 3004; x_wconf 67' lang='grc' dir='ltr'><strong><em>ἕξουσιν</em></strong></span> <span class='ocrx_word' id='word_1_202' title='bbox 392 2924 429 2989; x_wconf 77' lang='grc' dir='ltr'><strong><em>αἱ</em></strong></span> <span class='ocrx_word' id='word_1_203' title='bbox 448 2920 525 3010; x_wconf 87' lang='grc' dir='ltr'><strong><em>παρ’</em></strong></span> <span class='ocrx_word' id='word_1_204' title='bbox 551 2923 645 3008; x_wconf 83' lang='grc' dir='ltr'><strong><em>ήμῶν</em></strong></span> <span class='ocrx_word' id='word_1_205' title='bbox 675 2924 818 3008; x_wconf 87' lang='grc' dir='ltr'><strong><em>δεήσεις,</em></strong></span> <span class='ocrx_word' id='word_1_206' title='bbox 847 2914 900 3000; x_wconf 86' lang='grc' dir='ltr'><strong><em>αἷς</em></strong></span> <span class='ocrx_word' id='word_1_207' title='bbox 922 2921 996 2990; x_wconf 85' lang='grc' dir='ltr'><strong><em>οὐτ’</em></strong></span> <span class='ocrx_word' id='word_1_208' title='bbox 1023 2922 1129 2991; x_wconf 88' lang='grc' dir='ltr'><strong><em>ἀσπα-</em></strong></span> 
     </span>
     <span class='ocr_line' id='line_1_27' title="bbox 108 3027 1130 3117; baseline -0.001 -19"><span class='ocrx_word' id='word_1_209' title='bbox 108 3042 200 3116; x_wconf 81' lang='grc' dir='ltr'><strong><em>σμῶν</em></strong></span> <span class='ocrx_word' id='word_1_210' title='bbox 224 3033 407 3117; x_wconf 82' lang='grc' dir='ltr'><strong><em>μετέδωκεν</em></strong></span> <span class='ocrx_word' id='word_1_211' title='bbox 431 3031 507 3097; x_wconf 89' lang='grc' dir='ltr'><strong><em>οὐτε</em></strong></span> <span class='ocrx_word' id='word_1_212' title='bbox 531 3029 726 3116; x_wconf 89' lang='grc' dir='ltr'><strong><em>φιλημάτων</em></strong></span> <span class='ocrx_word' id='word_1_213' title='bbox 750 3027 820 3096; x_wconf 82' lang='grc' dir='ltr'><strong><em>οὔτ’</em></strong></span> <span class='ocrx_word' id='word_1_214' title='bbox 844 3030 946 3114; x_wconf 85' lang='grc' dir='ltr'><strong><em>άλλης</em></strong></span> <span class='ocrx_word' id='word_1_215' title='bbox 963 3035 1130 3117; x_wconf 71' lang='grc' dir='ltr'><strong><em>φιλοφρο</em></strong></span> 
     </span>
    </p>
   </div>
   <div class='ocr_carea' id='block_1_3' title="bbox 108 3327 1129 3544">
    <p class='ocr_par' dir='ltr' id='par_1_3' title="bbox 108 3327 1129 3544">
     <span class='ocr_line' id='line_1_28' title="bbox 180 3327 1128 3401; baseline 0.001 -18"><span class='ocrx_word' id='word_1_216' title='bbox 180 3335 194 3383; x_wconf 87' lang='lat'>1</span> <span class='ocrx_word' id='word_1_217' title='bbox 213 3330 279 3398; x_wconf 80' lang='grc' dir='ltr'><strong><em>ὑμῖν</em></strong></span> <span class='ocrx_word' id='word_1_218' title='bbox 299 3330 345 3385; x_wconf 85' lang='grc' dir='ltr'><strong><em>Βα</em></strong></span> <span class='ocrx_word' id='word_1_219' title='bbox 416 3336 434 3384; x_wconf 84' lang='grc'>4</span> <span class='ocrx_word' id='word_1_220' title='bbox 452 3328 565 3401; x_wconf 81' lang='grc' dir='ltr'><strong><em>ἀπῄτει]</em></strong></span> <span class='ocrx_word' id='word_1_221' title='bbox 585 3328 694 3397; x_wconf 83' lang='grc' dir='ltr'><strong><em>ἀκήχχε</em></strong></span> <span class='ocrx_word' id='word_1_222' title='bbox 714 3344 736 3383; x_wconf 87' lang='grc' dir='ltr'><strong><em>ο,</em></strong></span> <span class='ocrx_word' id='word_1_223' title='bbox 753 3327 926 3396; x_wconf 79' lang='lat' dir='ltr'>Grasberger</span> <span class='ocrx_word' id='word_1_224' title='bbox 943 3328 1021 3384; x_wconf 85' lang='grc' dir='ltr'><strong><em>Τεεε,</em></strong></span> <span class='ocrx_word' id='word_1_225' title='bbox 1041 3328 1128 3384; x_wconf 77' lang='lat' dir='ltr'>Hetb.</span> 
     </span>
     <span class='ocr_line' id='line_1_29' title="bbox 108 3398 1129 3474; baseline 0.004 -23"><span class='ocrx_word' id='word_1_226' title='bbox 108 3418 135 3468; x_wconf 88' lang='lat' dir='ltr'><strong><em>p.</em></strong></span> <span class='ocrx_word' id='word_1_227' title='bbox 150 3404 185 3453; x_wconf 77' lang='lat'><strong><em>34</em></strong></span> <span class='ocrx_word' id='word_1_228' title='bbox 258 3401 340 3455; x_wconf 66' lang='grc' dir='ltr'><strong><em>τεὸν</em></strong></span> <span class='ocrx_word' id='word_1_229' title='bbox 361 3400 383 3455; x_wconf 94' lang='lat' dir='ltr'>O</span> <span class='ocrx_word' id='word_1_230' title='bbox 403 3398 556 3469; x_wconf 75' lang='lat' dir='ltr'>praeterB</span> <span class='ocrx_word' id='word_1_231' title='bbox 584 3403 589 3468; x_wconf 76' lang='grc' dir='ltr'>Ι</span> <span class='ocrx_word' id='word_1_232' title='bbox 618 3399 667 3454; x_wconf 83' lang='grc' dir='ltr'><strong><em>τὸν</em></strong></span> <span class='ocrx_word' id='word_1_233' title='bbox 688 3399 710 3453; x_wconf 91' lang='grc' dir='ltr'>Ο</span> <span class='ocrx_word' id='word_1_234' title='bbox 729 3398 884 3468; x_wconf 76' lang='lat' dir='ltr'>praeterB</span> <span class='ocrx_word' id='word_1_235' title='bbox 941 3407 973 3455; x_wconf 82' lang='lat'><strong><em>11</em></strong></span> <span class='ocrx_word' id='word_1_236' title='bbox 994 3399 1129 3474; x_wconf 84' lang='grc' dir='ltr'><strong><em>σ&lt;δς&gt;Β</em></strong></span> 
     </span>
     <span class='ocr_line' id='line_1_30' title="bbox 110 3467 699 3544; baseline 0.002 -21"><span class='ocrx_word' id='word_1_237' title='bbox 110 3476 143 3525; x_wconf 84' lang='grc'><strong><em>16</em></strong></span> <span class='ocrx_word' id='word_1_238' title='bbox 163 3470 279 3542; x_wconf 73' lang='grc' dir='ltr'><strong><em>*ἀλ&lt;λο</em></strong></span> <span class='ocrx_word' id='word_1_239' title='bbox 298 3469 350 3544; x_wconf 86' lang='grc' dir='ltr'><strong><em>δ’&gt;</em></strong></span> <span class='ocrx_word' id='word_1_240' title='bbox 370 3472 392 3524; x_wconf 92' lang='grc' dir='ltr'>Β</span> <span class='ocrx_word' id='word_1_241' title='bbox 411 3470 478 3525; x_wconf 81' lang='grc' dir='ltr'><strong><em>ἄλλο</em></strong></span> <span class='ocrx_word' id='word_1_242' title='bbox 497 3467 525 3525; x_wconf 90' lang='grc' dir='ltr'><strong><em>δ’</em></strong></span> <span class='ocrx_word' id='word_1_243' title='bbox 546 3470 571 3523; x_wconf 85' lang='lat' dir='ltr'>R</span> <span class='ocrx_word' id='word_1_244' title='bbox 589 3472 699 3524; x_wconf 84' lang='lat' dir='ltr'>correxi</span> 
     </span>
    </p>
   </div>
   <div class='ocr_carea' id='block_1_4' title="bbox 0 0 1216 3848">
    <p class='ocr_par' dir='ltr' id='par_1_4' title="bbox 0 0 1216 3848">
     <span class='ocr_line' id='line_1_31' title="bbox 0 0 1216 3848; baseline 0 1"><span class='ocrx_word' id='word_1_245' title='bbox 0 0 1216 3848; x_wconf 95' lang='lat' dir='ltr'><strong><em> </em></strong></span> 
     </span>
    </p>
   </div>
  </div>
 </body>
</html>
