2424 3848
519 188 685 240 -Θ,

97 349 194 422 δενὸς
215 358 328 431 χεῖρον
352 349 587 432 στρατηγήσας,
611 346 764 434 ἀφῃρέθη
784 351 843 414 τὸν
863 349 898 413 ἐκ
917 361 990 415 τῶν·
1002 352 1109 434 ἔργων

95 457 233 518 ἔπαινον
260 451 336 538 παρ’
365 449 466 519 οὐδέν
490 452 663 537 ἁμάρτημα
687 455 791 538 ίδιον,
820 452 891 519 ἀλλ’
917 456 1028 522 ὅτιτὸ
1052 458 1110 540 δη-

94 562 231 644 μοτικὸν
255 559 316 624 οὐκ
339 556 405 645 εἶχε
428 558 667 644 κεχαρισμένον
689 560 794 648 αύτῷ,
822 560 855 639 ἐξ
880 557 921 626 οὗ
944 563 1003 627 τὸν
1026 562 1109 628 ὕπα-

94 689 154 731 τον
169 666 317 731 Κάσσιον
337 665 390 731 ἐπὶ
408 676 448 752 τῇ
468 667 641 750 τυραννίδι
655 671 896 752 προσαγγείλας
910 667 1108 736 ἀπέκτεινεν.
1124 670 1144 732 2

95 772 171 836 οὔτε
190 772 253 856 γάρ
274 772 334 838 ὅσα
354 770 425 837 δέοι
444 775 508 837 σὺν
525 773 615 857 τάχει
635 783 803 860 στρατηγῷ
822 777 1014 840 κελεύσαντι
1032 779 1109 852 τοὺς
1136 794 1149 834 ⁵

93 879 261 961 ὑπηκόους
284 884 490 962 πειθαρχεῖν,
513 875 590 944 οὔθ’
613 879 675 943 ὅσα
697 888 742 966 τῷ
767 881 930 967 προθύμῳ
953 879 1010 944 καὶ
1031 880 1109 966 πρέ-

94 1006 192 1048 ποντι
210 983 436 1068 χρησαμένους
453 988 510 1070 βία
528 997 713 1070 κατασχεῖν,
735 983 811 1050 οὔθ’
831 985 893 1050 ὅσα
912 986 1022 1072 λάθρα
1040 999 1109 1052 τῶν

95 1091 338 1174 ἀντιπολεμίων
361 1094 464 1174 χωρία
487 1092 534 1166 είς
556 1090 750 1169 πλεονεξίαν
772 1092 893 1155 εὔθετα
917 1097 1109 1177 σφετερίσα-

95 1203 193 1280 σθαι,
221 1195 290 1262 ούτ’
318 1199 398 1262 ἀλλο
427 1199 582 1283 πράττειν
608 1194 709 1263 οὐδέν
732 1196 856 1282 ἕτοιμοι
879 1193 981 1281 ἦσαν,
1009 1197 1042 1276 ἐξ
1067 1195 1107 1263 οὗ

95 1305 194 1386 τιμην
217 1326 291 1367 τινα
315 1304 332 1369 ὁ
354 1305 537 1388 ’στρατηγὸς
559 1302 614 1368 καὶ
637 1301 739 1381 δόξαν
762 1303 895 1387 ἀγαθὴν
920 1303 1107 1382 ἐξοίσεσθαι
1123 1325 1149 1363 ιο

95 1411 218 1492 ἔμελλε.
251 1407 306 1473 καὶ
324 1403 426 1474 τᾶλλα
445 1405 506 1493 μέν
525 1409 646 1491 αὐτῶν,
669 1409 730 1473 ὅσα
749 1410 939 1493 ὑβρίζοντες
956 1412 1015 1476 τὸν
1033 1410 1108 1494 ἡγε-
1154 1424 1165 1490 j

95 1518 182 1598 μόνα
212 1513 397 1597 διετέλουν,
428 1513 542 1602 ἐκείνῳ
569 1511 605 1579 θ’
632 1509 732 1598 ἧττον
760 1517 890 1598 λυπηρά
916 1511 959 1600 ἦν
986 1515 1041 1581 καὶ
1068 1526 1107 1602 τη

41 1624 190 1689 74ιπύλει
207 1621 334 1704 βλάβης
352 1621 393 1686 ού
411 1621 554 1705 μεγάλης
571 1619 657 1705 ἀξια,
681 1621 699 1686 δ
719 1617 756 1686 δέ
774 1626 989 1699 τελευτῶντες
1007 1621 1108 1708 ἐξειρ-

94 1729 239 1811 γάσαντο
262 1729 423 1792 κίνδυνον
442 1728 483 1793 οὐ
501 1730 620 1812 μικρὸν
639 1729 756 1813 ἤνεγκε
775 1726 830 1793 καὶ
848 1728 975 1811 πολλὴν
994 1731 1107 1815 αίσχύ-

94 1858 158 1919 νην
181 1833 314 1918 ἀμφοῖν.
351 1833 531 1918 γενομένης
554 1836 616 1919 γάρ
640 1834 849 1919 παρατάξεως
867 1834 903 1900 έν
921 1844 966 1923 τῷ
986 1834 1107 1919 μεταξύ
1122 1819 1148 1930 135

94 1951 162 2006 τῶν
181 1943 306 2024 λόφων,
325 1937 377 2024 ἐφ’
396 1932 447 2016 οἷς
465 1935 550 2023 ἦσαν
569 1940 901 2026 ἐστρατοπεδευκότες
913 1940 1107 2027 ἀμφότεροι,

93 2047 182 2132 πάση
205 2055 244 2131 τῇ
267 2043 344 2131 παρ’
363 2044 526 2130 ἑκατέρων
550 2047 701 2130 δυνάμει,
724 2048 831 2112 πολλά
851 2045 906 2111 καὶ
924 2047 1008 2110 καλά
1027 2049 1106 2130 ἔργα

95 2151 348 2236 ἀποδειξάμενοι
370 2149 426 2241 καὶ
448 2155 526 2229 τοὺς
548 2155 727 2237 πολεμίους
749 2152 994 2235 ἀναγκάσαντες
1011 2150 1107 2237 ἀρξαι

93 2266 213 2344 φυγῆς,
232 2255 302 2323 οὔτ’
319 2259 556 2343 ἠκολούθησαν
574 2259 709 2324 ἀπιοῦσι
727 2268 787 2324 τοῦ
801 2267 986 2342 στρατηγοῦ
1000 2260 1107 2323 πολλά

94 2365 341 2443 ἐπικελεύοντος
373 2367 449 2430 ούτε
478 2359 746 2450 παραμείναντες
765 2358 1019 2449 ἐκπολιορκῆσαι
1046 2367 1106 2430 τὸν
1120 2385 1146 2424 εο

92 2473 220 2557 χάρακα
247 2470 432 2556 ἠθέλησαν,
460 2469 531 2536 ἀλλ’
559 2470 714 2547 ἐάσαντες
741 2467 977 2555 ἀτελέςέργον
1002 2472 1106 2536 καλὸν

93 2575 242 2665 ἀπῄεσαν
261 2581 308 2655 είς
326 2578 386 2661 τὴν
404 2578 514 2643 αὑτῶν
528 2580 792 2662 στρατοπεδείαν.
826 2575 1140 2661 ἐπιχειρησάντων4

93 2682 124 2750 δ’
151 2684 376 2769 αὐτοκράτορα
404 2687 464 2749 τὸν
490 2684 619 2750 ύπατον
645 2682 869 2768 ἀναγορεῦσαί
893 2704 994 2747 τινων
1022 2680 1105 2766 μέγα

40 2938 45 2945 ,
166 2881 180 2927 1
202 2870 233 2929 ἐκ
251 2883 306 2930 τῶν
326 2892 379 2930 om.
398 2874 421 2927 B
511 2883 527 2930 3
547 2876 598 2930 ούκ
618 2872 675 2943 εἶχε
693 2873 894 2944 κεχαρισμένον
913 2875 987 2946 αύτῷ
1007 2874 1027 2928 C
1053 2875 1104 2929 οὐκ

93 2945 150 3017 εἶχε
174 2944 261 3015 μένον
283 2945 308 2998 R
336 2947 387 3000 ούκ
412 2943 486 3015 εἶχεν
510 2945 611 3000 εύνονν
635 2962 657 2998 ο.
678 2943 803 2998 Sintenis
826 2945 987 3000 Ειη.,1)ἰοη.
1010 2945 1104 3000 11126
1175 2963 1177 2966 ·

92 3019 331 3087 4προσαγγείλας
352 3022 373 3070 Α
394 3016 566 3086 εἰσαγγείλας
584 3015 604 3072 O
624 3016 762 3087 κρίνοιςΒ
871 3024 886 3070 6
909 3023 946 3070 τῶ
965 3034 986 3070 π
1005 3016 1104 3086 οθύμῳ
1140 3051 1143 3055 -

93 3086 295 3158 ἐπιτρέποντας
312 3088 361 3142 καὶ
384 3105 407 3144 ο.
425 3088 570 3158 Kiessling
589 3092 593 3158 λ
615 3083 645 3142 ἐν
663 3085 800 3157 πρέποντι
818 3105 841 3141 ο.
861 3070 964 3141 Βοίελιο
987 3036 1018 3142 ἐν
1037 3088 1104 3155 πρέ-

92 3180 176 3216 ποντι
191 3165 282 3232 καιρῷ
300 3176 323 3213 ο.
337 3161 445 3228 Kayser
459 3162 530 3213 Ann.
544 3159 614 3229 phil.
630 3164 698 3213 1868
713 3176 740 3226 p.
756 3163 807 3212 816
876 3163 892 3211 8
912 3155 1104 3226 ἀντιπολέμων

92 3232 114 3286 Ο
134 3248 204 3286 corr.
223 3230 328 3285 Reieke
402 3237 430 3284 11
453 3229 504 3300 μὲν
523 3247 576 3285 om.
596 3229 674 3283 ABG
696 3234 699 3296 Ι
720 3227 807 3282 αὐτὸν
825 3228 869 3297 ΑΙ
890 3233 928 3300 τῷ
946 3227 1062 3299 ἡγεμόνι
1081 3231 1103 3282 Β

44 3344 46 3346 -
92 3309 125 3357 12
145 3302 177 3357 δὲ
196 3297 280 3368 ἧττον
300 3302 322 3356 Ο
342 3318 411 3357 corr.
426 3301 529 3355 Reiske
603 3307 635 3355 13
655 3297 757 3364 ἄξιοιΟ
777 3301 854 3353 αίτιοι
872 3299 1016 3369 Kiessling
1034 3299 1103 3354 duce

92 3374 243 3445 Sylburgio
318 3378 351 3426 14
370 3375 504 3428 κίνδυνον
525 3415 530 3425 .
548 3417 552 3426 .
573 3374 605 3428 ού
624 3372 647 3425 Β
666 3391 691 3424 κ.
710 3387 740 3422 τε
759 3370 792 3423 ού
812 3387 835 3423 ο.
855 3370 998 3440 Kiessling
1068 3376 1102 3426 22

92 3446 185 3499 αὐτῶν
205 3445 228 3498 Β
248 3449 253 3512 Ι
275 3439 500 3513 ἐπιχειρήσαντες
519 3441 569 3496 ΑΟ
602 3475 603 3478 =
641 3448 675 3496 23
694 3440 743 3494 τὸν
761 3438 871 3496 ύπατον
890 3458 943 3496 om.
965 3442 1013 3496 AO

891 3530 942 3583 18*
