2424 3848
504 177 536 187 -
573 151 672 200 Η-
1029 145 1095 211 255

75 308 247 394 Ῥωμαίοις
271 306 467 392 διέγνωσαν,
490 305 545 374 καί
569 312 812 393 συναγαγόντες
830 307 863 387 ἐξ
887 307 1014 392 ἁπάσης
1036 312 1095 375 πό-

79 423 161 494 λεως
188 418 251 500 τὴν
277 418 429 500 νεότητα,
458 413 549 501 μέρει
576 415 638 500 μέν
665 439 733 482 τινι
761 424 819 500 τῆς
845 416 1018 500 δυνάμεως
1041 415 1095 482 ἐπὶ

79 525 139 601 τάς
154 520 318 608 Ἑρνίκων
341 545 375 587 τε
398 520 453 610 καὶ
476 525 632 588 Λατίνων
654 524 767 599 πόλεις
789 521 1027 608 ἐστράτευσαν,
1053 531 1094 609 τῇ

78 626 118 695 δέ
140 634 250 715 λοιπῇ,
273 628 294 712 ἣ
317 633 452 712 πλείστη
475 626 503 693 τ’
526 622 568 712 ἦν
589 625 646 693 καὶ
668 632 836 715 κρατίστη,
858 631 936 705 τοὺς
960 627 1014 694 ἐπὶ
1036 631 1094 706 τὰς

76 738 191 814 πόλεις
218 747 312 820 σφῶν
340 734 478 818 ἥξοντας
510 732 667 819 δέχεσθαι
694 737 848 819 ἤμελλον,
900 742 1003 800 ταῦτα
1033 760 1094 820 μα-
1120 753 1133 795 ε

76 849 182 909 θοῦσι
205 840 375 926 Ῥωμαίοις
402 839 494 919 ἔδοξε
523 842 600 926 διχῇ
626 838 739 925 νέμειν
767 842 825 918 τάς
852 841 1011 927 δυνάμεις
1038 840 1094 907 καλ

76 957 118 1035 τῇ
142 945 203 1033 μέν
226 945 320 1036 ἑτέρᾳ
342 949 404 1032 την
422 945 583 1030 Ἑρνίκων
605 970 639 1012 τε
662 945 717 1012 καὶ
734 950 891 1013 Λατίνων
912 949 970 1012 διά
987 952 1094 1032 φυλα-

76 1064 140 1140 κῆς
160 1057 260 1140 ἔχειν,
282 1063 321 1140 τῇ
346 1051 375 1118 δ’
405 1051 499 1141 ἑτέρᾳ
521 1054 583 1137 την
607 1052 831 1119 Οὐολούσκων
854 1058 1034 1137 λεηλατεῖν.

30 1179 75 1229 ῖ13
145 1161 346 1226 LXXXIIII.
382 1158 718 1247 Διακληρωσαμένων
737 1156 774 1225 δέ
796 1171 864 1225 τῶν
881 1159 1017 1226 ὑπάτων
1035 1161 1094 1237 τάς

77 1269 251 1352 δυνάμεις,
279 1268 325 1343 ὡς
355 1268 446 1332 ἐστιν
478 1266 592 1344 αὐτοῖς
623 1268 717 1350 ἔθος,
747 1269 785 1332 τὸ
813 1262 875 1350 μέν
903 1265 1092 1353 ἐπικουρεῖν
1106 1286 1133 1327 ω

76 1373 200 1460 μέλλον
222 1384 294 1451 τοῖς
316 1373 500 1459 συμμάχοις
523 1373 708 1458 στράτευμα
726 1375 864 1438 Καίσων
883 1372 1011 1456 Φάβιος
1031 1392 1093 1437 πα-

77 1477 213 1564 ρέλαβε,
238 1481 384 1564 θάτερον
401 1477 450 1545 .ἐέ
472 1480 616 1556 Λεύκιος
643 1481 728 1564 ἔχων
756 1477 811 1544 ἐπὶ
832 1481 894 1564 τὴν
913 1475 1093 1543 Ἀντιατῶν

75 1581 136 1671 ἦγε
154 1590 263 1653 πόλιν.
308 1589 488 1670 γενόμενος
506 1582 544 1650 δέ
561 1589 704 1668 πλησίον
721 1596 789 1651 τῶν
808 1585 912 1672 ὁρίων
929 1583 985 1650 κοιλ
1002 1606 1092 1650 κοπι-

76 1694 148 1758 ὃέον
174 1693 232 1769 τὰς
258 1704 325 1758 τῶν
352 1696 520 1776 πολεμίων
548 1690 720 1775 δυνάμεις,
750 1693 823 1757 τότε
850 1688 912 1776 μὲν
942 1690 1093 1757 ἀντικατ-

75 1799 377 1886 εστρατοπέδευσεν
417 1796 470 1863 ἐπὶ
506 1801 632 1882 λόφον,
666 1808 739 1875 ταῖς
775 1796 805 1863 δ’
847 1795 921 1883 ἑξῆς
955 1795 1093 1885 ἡμέραις
1106 1817 1132 1859 ιε

76 1905 234 1984 ἐξιόντων
257 1908 304 1983 είς
325 1907 364 1971 τὸ
386 1905 505 1971 πεδίον
522 1916 589 1970 τῶν
607 1908 776 1990 πολεμίων
793 1906 922 1989 θαμινὰ
939 1902 994 1970 καλ
1012 1927 1092 1992 προ-

74 2011 293 2096 καλουμένων
316 2014 364 2089 είς
386 2012 505 2098 μάχην,
527 2011 625 2094 ἡνίκα
647 2013 707 2076 τὸν
725 2013 849 2077 οίιιεῖον
867 2013 956 2096 ἐχειν
973 2014 1092 2096 καιρὸν

75 2118 322 2203 ὑπελάμβανεν,
346 2116 438 2201 ἐξῆγε
458 2118 515 2194 τὰς
536 2117 707 2203 δυνάμεις·
730 2115 786 2182 καί
809 2114 889 2202 πρὶν
912 2118 960 2194 είς
981 2127 1092 2202 χεῖρας

76 2223 191 2291 ἐλθεῖν
222 2228 426 2310 παρακλήσει
457 2247 490 2289 τε
524 2228 630 2308 πολλῇ
658 2220 713 2288 καὶ
741 2221 943 2288 ἐπικελεύσει
970 2222 1092 2309 χρησά-

75 2354 187 2417 μενος,
215 2328 364 2396 ἐκέλευσε
388 2334 563 2413 σημαίνειν
584 2330 621 2394 τὸ
645 2331 836 2415 πολεμικόν·
859 2327 916 2394 καλ
938 2330 974 2395 ολ
994 2345 1091 2415 στρα-
1105 2350 1132 2389 νο

75 2447 189 2502 τιῶται
216 2439 254 2502 τὸ
282 2437 428 2520 σύνηθες
455 2435 675 2514 ἀλαλάξαντες
703 2434 824 2521 ἀθρόοι
851 2436 933 2501 κατὰ
956 2438 1091 2520 σπείρας

74 2566 110 2609 τε
137 2541 193 2609 καλ
219 2544 301 2609 κατά
329 2546 448 2629 λόγους
480 2541 695 2627 συνέβαλλον.
746 2542 791 2619 ὡς
820 2538 857 2607 δέ
884 2542 943 2619 τὰς
970 2544 1125 2627 λόγχαςλ

73 2648 130 2716 καί
148 2651 188 2716 τά
207 2653 328 2716 σαυνία
345 2647 401 2735 καὶ
421 2648 483 2714 ὅσα
496 2644 588 2734 εἶχον
605 2646 747 2732 ἑκηβόλα
767 2646 990 2729 ἐξανάλωσαν,
1008 2662 1091 2711 σπα-

74 2757 213 2842 σάμενοι
236 2757 275 2821 τά
299 2754 377 2842 ξίφη
401 2757 644 2842 συρράττουσιν
667 2753 823 2838 ἀλληλοις
851 2760 905 2839 ίση
928 2754 1032 2838 τόλμη
1055 2775 1090 2817 τε

73 2861 130 2929 καὶ
158 2862 321 2951 ἐπιθυμίη
346 2873 407 2930 τοῦ
435 2862 564 2946 ἀγῶνος
591 2861 739 2949 ἑκάτεροι
766 2861 944 2947 χρώμενοι·
972 2853 1016 2942 ἦν
1043 2881 1089 2941 τε,
1104 2877 1131 2918 2⁶

74 2969 120 3046 ὡς
150 2967 207 3035 καὶ
237 2973 401 3056 πρότερον
434 2971 537 3054 ἔφην,
572 2969 801 3052 παραπλήσιος
834 2965 947 3043 αὐτοῖς
978 2965 996 3031 ὁ
1028 2974 1089 3032 τοῦ

30 3073 206 3158 ’Μάγωνος
227 3078 359 3161 τρόπος,
381 3073 437 3141 καὶ
460 3075 536 3141 οὔτε
558 3075 579 3159 ἡ
603 3078 704 3160 σοφία
722 3070 778 3138 καὶ
799 3071 821 3155 ἡ
845 3071 996 3157 ἐμπειρία
1013 3068 1091 3136 Ῥω-

75 3185 183 3267 μαίων
205 3179 281 3268 περὶ
303 3183 361 3258 τάς
383 3181 504 3267 μάχας,
532 3175 553 3268 ἦ
576 3181 740 3267 χρώμενοι
762 3179 803 3242 τά
825 3178 932 3243 πολλὰ
955 3175 1090 3259 ἐπεκρά-

147 3416 180 3464 13
199 3406 288 3479 ὁρέων
306 3409 332 3461 A
405 3415 436 3464 17
458 3407 548 3464 οἰκίον
566 3410 613 3463 Ba
685 3413 719 3463 2⁷
738 3401 869 3477 ἐμπιρεία
888 3404 934 3459 Ba
