2424 3848
530 173 692 221 -Ζ-
1073 167 1115 231 41

27 333 387 418 ιιτιάγανακτήσαντες
409 335 457 399 ἐτι
480 337 607 418 μᾶλλον
630 332 665 397 οί
685 332 849 416 δήμαρχοι
871 333 1118 416 παραλαβόντες

97 441 177 518 τούς
198 437 227 506 τ’
252 439 484 526 ἀγορανόμους
506 437 562 504 καὶ
584 448 651 504 τῶν
673 437 785 502 ἀλλων
807 440 951 503 πολιτῶν
974 439 1118 523 συχνοὺς

99 547 260 633 ὥρμησαν
279 544 328 611 ἐνί
347 545 464 612 αὐτόν·
488 545 506 611 ὁ
526 541 556 610 δ
575 547 690 629 ἔτυχεν
709 545 756 608 ἔτι
775 544 954 628 διατρίβων
972 545 1036 628 πρὸ
1055 551 1115 608 τοῦ

99 654 344 739 βουλευτηρίου
376 661 444 716 τῶν
470 672 505 715 τε
531 652 714 737 πατρικίων
740 652 886 726 πολλοὺς
913 648 1117 733 ἐπαγόμενος

97 757 156 825 καὶ
180 759 242 842 τήν
265 759 369 842 ἀλλην
393 754 540 843 ἑταιρίαν
562 754 639 842 περὶ
661 755 764 822 αὑτὸν
787 758 880 842 ἔχων.
917 757 962 833 ὡς
980 751 1017 821 δέ
1036 721 1156 836 συν-3,

99 867 196 932 εῖδον
216 864 319 930 αὐτὸν
338 865 373 929 οί
389 864 564 950 δήμαρχοι,
585 861 790 949 προσέταξαν
808 874 877 940 τοῖς
895 862 1115 948 ἀγορανόμοις

100 967 321 1055 ἐπιλαβέσθαι
349 978 410 1036 τού
440 971 590 1054 σώματος
618 972 689 1053 καί,
720 971 753 1034 εί
778 969 822 1053 μή
851 964 936 1033 ἑκὼν
963 946 1117 1052 βούλετ’άι

100 1077 320 1161 ἀκολουθεῖν,
348 1079 405 1164 βίηι
427 1077 534 1160 άγειν·
564 1070 656 1161 είχον
679 1071 716 1141 δέ
739 1078 813 1141 τότε
834 1075 896 1158 τήν
919 1073 1118 1160 ἀγορανομι-

98 1185 166 1268 κήν
185 1181 340 1260 ἐξουσίαν
363 1184 459 1260 Τῖτος
472 1179 612 1260 Ἰούνιος
627 1186 777 1270 Βροῦτος
795 1179 849 1246 καὶ
864 1181 965 1257 Γάιος
979 1179 1119 1246 Οὐισέλ-

99 1295 174 1366 λιος
192 1287 334 1373 Ῥοῦγας.
379 1290 415 1357 οί
439 1286 501 1374 μὲν
528 1290 570 1373 δή
597 1286 786 1376 προσήεσαν
813 1289 858 1365 ὡς
881 1286 1118 1371 ἐπιληψόμενοι
1132 1311 1159 1352 ιο

99 1405 164 1463 τοῦ
188 1395 326 1482 ἀνδρός,
354 1397 390 1462 οί
410 1392 448 1461 δὲ
469 1400 635 1482 πατρίκιοι
658 1397 772 1461 δεινὸν
794 1394 998 1479 ἡγησάμενοι
1021 1387 1118 1479 τούρ·

99 1527 166 1588 γον
187 1502 253 1568 ὑπὸ
276 1512 343 1567 τῶν
367 1502 546 1589 δημάρχων
567 1503 632 1588 πρὸ
656 1503 749 1586 δίκης
769 1503 914 1585 άγεσδαί
929 1524 1004 1566 τινα
1023 1478 1118 1585 σφῶύ

99 1613 161 1697 βία
178 1609 393 1694 προύστησαν
410 1618 471 1674 τοῦ
484 1612 643 1695 Μαρκίου
661 1609 717 1673 καί
735 1609 912 1684 τύπτοντες
924 1610 1003 1684 τοὺς
1017 1607 1118 1691 ὁμόσε

99 1724 294 1801 χωροῦντας
325 1714 507 1798 ἀπήλασαν.
535 1712 796 1798 ’διαβοηθέντος
827 1710 864 1779 δέ
896 1724 957 1780 τοῦ
987 1716 1154 1791 πάδους4

100 1821 167 1888 ἀνά
190 1823 252 1905 τήν
274 1824 374 1888 πόλιν
396 1822 479 1905 ὅλην
503 1819 670 1904 ἐξεπήδων
689 1822 830 1898 ἅπαντες
848 1819 883 1886 ἐκ
901 1832 969 1886 τῶν
988 1824 1117 1888 οίκιῶν·
1132 1840 1158 1882 ιι

101 1917 222 2013 οίμέν
246 1927 283 1993 ἐν
305 1940 376 2004 τοῖς
397 1913 580 2011 ἀξιώμασιν
602 1929 696 2005 ὄντες
718 1924 773 1993 καὶ
795 1928 971 2014 χρημάτων
990 1929 1120 2012 ἔχοντες

100 2029 142 2100 εὖ
171 2036 232 2100 τὸν
259 2034 416 2120 Μάρκιον
443 2034 723 2120 ὑπερασπιοῦντες
749 2035 816 2119 άμα
842 2045 912 2111 τοῖς
937 2036 1120 2117 πατρικίοις

27 2139 160 2212 mma
182 2141 244 2223 τήν
263 2140 403 2226 ἀρχαίαν
421 2139 682 2225 ἀνακτησόμενοι
699 2145 880 2224 πολιτείαν,
904 2141 939 2204 οί
955 2135 992 2204 δέ
1010 2159 1120 2204 ταπει-

99 2245 157 2314 vol
187 2258 259 2324 ταῖς
287 2247 401 2333 τύχαις
429 2244 496 2312 καὶ·
511 2251 588 2333 βίον
616 2250 828 2327 σπανίζοντες
854 2246 994 2331 ἀμύνειν
1020 2267 1119 2331 παρε-

102 2350 324 2438 σκευασμένοι
345 2364 415 2430 τοῖς
436 2353 618 2439 δημάρχοις
635 2352 690 2419 καὶ
708 2365 828 2436 ποιεῖν,
851 2353 869 2418 ό
888 2377 919 2418 τι
938 2352 980 2418 ἀν
999 2351 1119 2418 ἐκεῖνοι
1133 2375 1160 2415 ιο

99 2461 319 2526 κελεύσωσιν·
341 2460 362 2543 ή
386 2457 414 2524 τ’
441 2461 553 2544 αίδύς,
575 2455 633 2545 ὑφ’
656 2456 697 2544 ής
718 2460 937 2546 κρατούμενοι
960 2458 1041 2536 τέως
1064 2457 1119 2524 οὐ·

100 2563 164 2632 δέν
192 2565 341 2649 ἐτόλμων
368 2568 416 2643 είς
442 2565 606 2652 ἀλλήλους
629 2578 850 2653 παρανομεῖν,
880 2563 945 2632 τότ’
973 2562 1119 2651 ἀνήρητο

99 2669 160 2740 ὑπ’
188 2671 306 2737 αὐτῶν.
352 2671 394 2737 ού
421 2673 488 2756 μήν
511 2673 655 2758 ἔδρασάν
677 2671 709 2757 γ’
731 2669 831 2739 οὐδὲν
855 2673 1037 2756 ἀνήκεστον
1058 2671 1120 2754 τήν

101 2777 232 2866 ήμέραν
265 2775 409 2862 ἐκείνην,
441 2775 513 2844 ἀλλ’
544 2780 591 2856 είς
622 2779 683 2861 τήν
715 2777 874 2845 ἐπιοῦσαν
906 2776 1119 2860 ἀνεβάλοντο,

72 2887 74 2890 ’
99 2885 221 2970 γνώμη
241 2907 277 2948 τε
299 2880 354 2949 καὶ
376 2885 579 2970 παρακλήσει
601 2895 667 2950 τῶν
689 2885 825 2950 ὑπάτων
848 2881 998 2961 εἴξαντες.
1133 2899 1159 2942 τι

176 3082 194 3130 4
212 3095 242 3130 τε
260 3075 314 3128 ΑΒ
372 3079 388 3129 ό
408 3069 535 3146 ἑταιρίαν
554 3075 577 3130 Ο
595 3077 707 3164 ρροοέετ
724 3077 748 3130 Β
769 3083 774 3140 Ι
795 3075 882 3129 αότδν
894 3075 924 3165 ’Β
979 3080 995 3127 8
1015 3074 1119 3164 ἀγορα-

101 3144 702 3286 όλδίλίδλέλδλιλλλλίῖλῑλῖλ
718 3145 1120 3287 λδλῖὲίαλλῖἷλλλίῖ

101 3293 128 3343 Δ
146 3287 349 3370 προσήεσοινΒ
418 3295 451 3344 12
470 3309 549 3352 τινας
568 3288 680 3369 Οοοαε.
699 3288 802 3342 Reiske
872 3295 904 3342 19
924 3290 987 3362 βίου
1007 3288 1029 3343 0
1050 3289 1118 3361 βίων
1182 3346 1186 3352 ,

102 3359 293 3430 c.K1esshng
315 3359 350 3416 cf.
369 3359 540 3428 Grasberger
561 3358 726 3428 Ph1lologus
751 3367 783 3416 28
803 3361 895 3430 (1869)
913 3379 940 3430 p.
960 3365 1012 3415 547
1085 3363 1118 3411 21

101 3429 292 3502 κρατούμενοι
310 3431 365 3487 del.
383 3430 473 3487 Cobet
491 3430 556 3488 Obs.
575 3448 603 3499 p.
619 3436 670 3484 140
