2424 3848
514 183 681 236 -Θ-
1039 183 1105 248 353

89 348 205 430 τιμήν,
232 345 276 429 ἣν
304 344 340 410 ἐκ
362 355 422 411 τοῦ
445 346 567 422 παντὸς
589 339 677 431 εἶχεν
700 343 945 429 ἀναμφίλεκτον
968 348 1105 432 χρόνον,

89 449 352 537 βασιλευομένης
369 469 403 516 ’τε
418 448 473 516 καὶ
486 447 757 536 τυραννουμένης
770 459 827 533 της
840 453 975 528 πόλεως.
997 453 1105 519 πολλά
1120 456 1139 520 8

90 553 128 623 δὲ
151 554 208 622 καλ
230 558 314 622 άλλα
336 558 467 634 τούτοις
489 556 587 640 ὅμοια
610 553 772 642 προσθεὶς
793 553 849 621 καὶ
872 556 1010 635 οὐδενὸς
1028 557 1105 623 ούιε

89 674 212 749 πικροῦ
234 663 423 750 πράγματος
446 663 522 728 οὐτε
545 665 743 747 βλασφήμου
767 662 928 748 ὀνόματος
950 665 1106 750 φεισάμε-

63 771 65 776 ’
89 794 160 853 νος,
178 773 342 836 τελευτῶν
360 769 488 835 ἐκεῖνον
507 771 555 835 ἔτι
572 767 780 853 προσέθηκεν
797 772 857 835 τὸν
874 771 988 854 λόνον,
1007 767 1059 855 ἐφ’
1079 765 1105 859 ᾧ
1133 794 1147 835 ε

90 876 266 961 μάλισταὴ
280 879 414 960 πληθύς
426 875 666 960 ήνανάκτησεν,
685 875 735 940 ὀτι
749 879 872 962 χρόνον
886 873 1009 942 οὐδένα
1022 879 1106 943 παύ-

91 999 183 1047 σεται
207 982 424 1060 στασιάζουσα
446 979 522 1067 περὶ
539 983 663 1058 παντὸς
680 982 844 1067 χρήματος
861 981 882 1065 ή
901 985 1006 1067 πόλις,
1030 980 1103 1048 ἀλλ’

90 1090 160 1153 αίεί
179 1111 254 1153 τινα
276 1088 396 1171 καινήν
419 1084 472 1152 ἐπὶ
495 1092 619 1174 παλαιᾷ
641 1088 778 1170 νοσήσει
799 1089 914 1170 νόσον,
937 1086 999 1164 ἕως
1022 1086 1063 1152 ἀν
1084 1089 1104 1171 ή

90 1206 158 1260 τῶν
177 1194 356 1280 δημάρχων
374 1192 506 1272 ἐξουσία
520 1190 673 1279 διαμένη·
693 1192 872 1276 διδάσκων,
891 1192 943 1257 ὅτι
955 1193 1105 1279 πράγμα-

90 1323 147 1377 τος
173 1303 296 1378 παντὸς
322 1305 496 1366 πολιτικοῦ
522 1296 579 1364 καλ
604 1308 721 1364 κοινοῦ
743 1300 801 1376 τάς
823 1298 924 1384 ἀρχάς
946 1303 1106 1386 προσήκει
1120 1326 1146 1367 ιο

93 1417 244 1490 σκοπεῖν,
279 1406 367 1482 ὅπως
398 1405 545 1490 εὐσεβεῖς
572 1406 703 1469 ἔσονται
730 1401 785 1468 καὶ
813 1405 945 1471 δίκαιοι.
994 1411 1106 1492 φιλεῖν

91 1514 155 1598 γάρ
184 1511 220 1577 έκ
245 1509 307 1597 μὲν
329 1523 397 1577 τῶν
418 1511 558 1595 ἀναδῶν
586 1509 782 1596 σπερμάτων
809 1514 971 1597 χρηστοὺς
997 1516 1106 1597 νήνε-

30 1625 174 1688 .867σδαι
201 1617 256 1683 καὶ
278 1619 426 1706 εὐτυχεῖς
448 1620 527 1694 τοὺς
548 1617 710 1703 καρπούς,
741 1616 776 1682 έκ
799 1613 836 1681 δὲ
859 1628 926 1683 τῶν
948 1631 1107 1706 πονηρῶν

91 1722 289 1801 κακούςκαὶ
313 1725 500 1810 ὀλεθρίους.

158 1829 320 1895 XXXXV.
350 1833 395 1895 Εί
416 1824 574 1915 μὲνθούν,
598 1833 672 1915 ἔφη,
694 1831 754 1913 ήδε
777 1830 798 1913 ή
822 1829 905 1918 ἀρχή
929 1828 1005 1916 μεθ’
1028 1833 1106 1918 δμο-
1120 1855 1146 1897 15

90 1940 185 2012 νοίας
212 1937 369 2019 είσήλδεν
397 1938 445 2013 είς
471 1937 533 2020 τήν
559 1939 659 2002 πόλιν
687 1934 739 2002 ἐπὶ
763 1947 808 2024 τῷ
831 1938 966 2005 πάντων
988 1937 1106 2026 ἀγαθῷ

91 2050 243 2127 παροῦσα
267 2043 330 2106 σὺν
355 2041 487 2119 οίωνοίς
508 2064 543 2106 τε
566 2038 622 2106 καὶ
641 2041 790 2125 ὀττείαις,
813 2046 946 2108 πολλῶν
965 2041 1007 2107 ἀν
1025 2044 1107 2127 ήμίν

92 2149 220 2232 ένίνετο
243 2144 299 2212 καὶ
322 2147 473 2231 μεγάλων
497 2146 636 2231 ἀγαθῶν
659 2146 759 2229 αἰτία,
781 2149 938 2231 χαρίτων,
962 2146 1107 2234 ὁμοφρο-

92 2255 207 2339 σύνης,
226 2253 393 2338 εὐνομίας,
413 2252 557 2319 ἐλπίδων
575 2262 727 2339 χρηστῶν
740 2251 829 2335 παρά
843 2259 904 2317 τοῦ
918 2253 1106 2338 δαιμονίου,
1180 2247 1183 2253 ’

92 2363 222 2447 μυρίων
250 2361 374 2426 ἀλλων·
407 2370 471 2426 νῦν
500 2358 553 2443 δέ,
581 2363 638 2444 βία
660 2358 723 2444 γάρ
748 2356 852 2440 αὐτήν
875 2360 1027 2443 εἰσήγαγε
1050 2357 1106 2425 καὶ
1120 2386 1147 2427 νο

92 2470 282 2553 παρανομία
306 2464 362 2533 καὶ
385 2466 498 2542 στάσις
520 2463 575 2531 καὶ
597 2463 744 2549 πολέμου
768 2461 842 2540 δέος
865 2463 1028 2549 έμφυλίου
1051 2465 1106 2532 καὶ

91 2573 198 2638 πάντα
220 2574 261 2638 τά
284 2575 422 2658 ἔχθιστα
445 2570 481 2637 ἐν
505 2571 696 2657 ἀνθρώποις
718 2573 754 2637 τί
774 2564 836 2636 οὖν
855 2571 903 2634 ἔτι
921 2569 976 2636 καλ
994 2569 1106 2656 μέλλει

92 2681 237 2765 χρηστὸν
265 2681 405 2744 ἔσεσθαί
429 2675 501 2744 ποτ’
529 2679 549 2763 ή
578 2680 742 2764 σωτήριον
764 2677 917 2753 τοιαύτας
939 2678 1106 2763 λαβούσης

93 2787 151 2862 τάς
178 2785 292 2872 ἀρχάς;
327 2786 410 2850 ὥστε
438 2787 605 2871 περίεστιν
627 2785 708 2868 ήμϊν
733 2789 822 2849 ίασιν
844 2780 899 2848 καὶ
923 2783 1107 2868 ἀλεξήματα

30 2903 161 2962 [εθετῶν
189 2891 509 2976 ἀναβλαστανόντων
538 2890 570 2969 ἐξ
594 2891 694 2974 αὐτῆς
716 2901 827 2955 κακῶν
852 2893 972 2974 ζητεῖν,
1001 2891 1107 2957 ὁπόσα
1121 2913 1148 2956 ετ

94 3000 141 3076 είς
174 2997 392 3085 ἀνθρώπινον
423 3001 534 3062 πίπτει
566 3000 743 3082 λογισμόν,
779 2998 944 3081 μενούσης
972 2999 1020 3062 ἔτι
1049 3008 1108 3082 τῆς

167 3231 199 3279 12
219 3225 270 3295 μὲν
289 3243 343 3283 om.
361 3225 387 3278 A
459 3231 492 3280 17
511 3230 653 3294 παριούοα
671 3240 695 3279 ο.
715 3221 838 3277 Sintenis
857 3222 917 3278 Em.
932 3221 1013 3278 Dion.
1031 3223 1058 3278 11
1071 3224 1104 3297 λλ

94 3295 166 3368 κ<αι
185 3296 304 3360 ὀττείαις
345 3297 391 3351 Bb
472 3302 505 3351 18
529 3292 639 3364 ἐγένετο
662 3310 685 3348 c.
705 3293 794 3349 Cobet
812 3292 877 3348 Obs.
897 3311 924 3363 p.
941 3299 992 3350 182
1071 3302 1106 3353 20

94 3377 147 3423 νῦν
166 3367 197 3422 δὲ
218 3363 280 3423 ἐπεὶ
317 3369 347 3421 ία
366 3367 389 3422 Ο
407 3369 521 3438 praeter
538 3366 584 3420 Ba
656 3372 691 3421 23
709 3383 777 3420 ποτε
795 3362 902 3418 add.B
975 3371 1010 3420 24
1027 3371 1107 3439 περί-

95 3456 170 3494 εστιν
190 3437 213 3492 Ο
231 3436 361 3510 περιττόν
381 3434 455 3493 ἐστιν
474 3454 498 3493 ο.
518 3436 642 3492 ὃὶοὐειιίε
661 3438 679 3496 l.
695 3436 713 3490 l.

148 3539 247 3579 onm.
263 3539 327 3578 Hm.
336 3538 382 3580 111.
409 3548 449 3579 ιο.
462 3539 563 3581 «Tmou.
912 3532 946 3581 23
