2424 3848
104 219 169 286 182
525 253 561 261 -·
596 223 623 274 Η
662 235 713 261 -“

65 381 286 467 δέθελησωσι
313 383 483 468 πράττειν,
511 382 532 448 δ
560 384 617 448 δεῖ.
664 387 723 449 καί
748 406 798 461 τις
820 378 912 450 εἶπεν
935 380 967 461 έξ
992 384 1119 450 αὐτῶν·

102 487 170 554 Καὶ
187 493 223 555 τί
237 489 440 576 πράττουσαι
458 489 501 555 ἀν
514 490 608 575 ἡμεῖς
621 489 658 555 αί
669 502 824 574 γυναῖκες
837 492 999 557 διασῶσαι
1013 491 1120 577 δυνη-

101 598 242 680 θείημεν
265 596 326 679 την
348 597 490 682 πατρίδα
512 606 580 661 τῶν
603 594 737 679 ἀνδρῶν
759 595 1000 682 ἀπειρηκόταν;
1025 601 1074 676 τίς
1097 599 1119 683 η

100 704 242 786 τοσαύτη
261 700 336 790 περὶ
354 702 439 787 ἡμᾶς
456 704 514 781 τάς
532 702 687 782 ἀσθενεῖς
704 701 760 769 καὶ
777 705 1007 791 ταλαιπώρους
1026 703 1121 771 ἐστὶν

75 810 210 894 ιίσχύς;
240 807 325 894 Οὐχὶ
352 810 481 894 ὅπλων,
509 812 632 896 ἔφησεν
658 810 679 894 ἡ
705 809 886 896 Οὐαλερία,
914 810 969 877 καὶ
996 822 1121 898 χειρῶν

102 913 256 1001 δεομένη·
286 917 414 983 τούτων
438 913 500 1001 μὲν
522 918 586 1003 γάρ
616 914 820 983 ἀπολέλυκεν
842 917 928 1002 ἡμᾶς
953 918 974 1002 ἡ
1003 919 1120 1002 φύσις·

101 1019 173 1088 ἀλλ’
205 1021 338 1101 εὐνοίας
365 1021 421 1088 καὶ
453 1026 565 1108 λόγου.
614 1027 695 1108 βοῆς
727 1020 764 1090 δὲ
791 1024 870 1109 μετά
897 1034 996 1092 τοῦτο
1023 1046 1121 1108 γενο-

101 1126 202 1214 μένης
219 1127 275 1196 καί
294 1127 464 1214 δεομένων
483 1129 619 1195 ἁπασῶν
636 1133 784 1215 φανερὸν
797 1143 918 1215 ποιεῖν,
936 1131 1007 1215 ἥτις
1027 1129 1122 1197 ἐστὶν

66 1235 122 1319 4η
147 1233 335 1322 ἐπικουρία,
363 1233 452 1318 λέγει
479 1238 562 1321 πρὸς
589 1235 702 1313 αὐτάς·
735 1238 866 1322 Ταύτην
892 1239 1028 1322 ἔχουσαι
1056 1238 1121 1321 την

61 1342 246 1428 ιοτιναράν
273 1365 309 1408 τε
334 1339 390 1408 καὶ
413 1343 561 1426 ἀκοσμον
583 1341 709 1427 ἐσθῆτα
731 1340 786 1408 καὶ
808 1343 868 1421 τδις
890 1345 992 1421 άλλας
1013 1366 1121 1430 παρα-

102 1452 263 1533 λαβοῦσαι
286 1459 445 1530 γυναϊκας
462 1446 518 1515 καί
536 1449 575 1514 τά
593 1447 691 1515 τέκνα
710 1447 909 1534 ἐπαγόμεναι
930 1451 1119 1534 βαδίζωμεν

101 1553 155 1620 ἐπὶ
182 1556 243 1638 τὴν
267 1554 471 1640 Οὐετουρίας
497 1563 554 1639 τῆς
575 1557 734 1640 Μαρκίου
762 1557 884 1640 μητρὸς
910 1557 1033 1621 οίκίαν·
1062 1554 1119 1622 καί

100 1663 164 1747 πρὸ
197 1671 264 1726 τῶν
295 1659 446 1744 γονάτων
479 1660 579 1745 αὐτῆς
608 1661 647 1726 τά
673 1658 772 1726 τέκνα
800 1667 913 1727 θεῖσαι
919 1709 930 1745 ,
962 1663 1120 1747 δεώμεθα

100 1767 180 1852 μετὰ
204 1766 359 1854 δακρύων
382 1766 467 1851 ἡμᾶς
488 1764 516 1831 τ’
540 1769 747 1853 οἰκτείρασαν
764 1768 822 1844 τάς
843 1770 990 1852 μηθενὸς
1013 1779 1119 1835 κακοῦ

62 1898 87 1940 15
102 1876 208 1950 αίτίας
233 1870 288 1938 καὶ
314 1874 376 1958 τὴν
404 1871 441 1938 έν
469 1871 617 1959 ἐσχάτοις
643 1874 815 1950 κινδύνοις
844 1868 950 1939 οὖσαν
972 1875 1120 1961 πατρίδα

100 1985 281 2067 προελθεῖν
299 1977 352 2046 ἐπὶ
370 1981 429 2065 τὸν
448 1980 574 2067 χάρακα
593 1991 660 2045 τῶν
673 1982 852 2064 πολεμίων,
870 1981 1023 2064 άγουσαν
1039 1983 1119 2059 τούς

102 2085 138 2152 θ’
164 2087 309 2164 υίωνούς
334 2083 390 2152 καὶ
418 2087 479 2171 τὴν
503 2083 625 2173 μητέρα
655 2085 766 2151 αὐτῶν
789 2083 845 2151 καί
867 2085 952 2171 ἡμᾶς
974 2085 1118 2165 ἁπάσας

100 2193 340 2276 ἀκολουθῶμεν
362 2193 425 2278 γάρ
454 2192 536 2277 αὐτη
558 2193 599 2256 τδι
625 2186 740 2257 παιδία
763 2191 976 2276 ἐπαγόμεναι·
1005 2195 1119 2260 ἔπειτα

102 2296 204 2365 ίκέτιν
223 2297 405 2383 γενομένην
425 2308 484 2365 τοῦ
502 2296 632 2383 τέκνου,
650 2296 766 2377 ἀξιοῦν
782 2296 836 2364 καὶ
855 2299 990 2364 δεῖσθαι
1008 2296 1188 2385 μηδδνΙσοε

62 2392 282 2509 2ἷόἀνηκεστον
305 2407 387 2471 κατὰ
409 2413 466 2490 τῆς
487 2407 646 2491 πατρίδος
664 2404 916 2491 ἐξεργάσασθαι.
953 2405 1120 2491 ὀλοφυρο·

101 2511 203 2598 μένης
225 2513 288 2598 γάρ
312 2512 412 2596 αὐτῆς
433 2510 489 2578 καὶ
512 2511 751 2597 ἀντιβολούσης
775 2506 884 2589 οἶκτός
903 2535 954 2589 τις
975 2513 1121 2577 είσελεύ-

103 2637 193 2687 σεται
229 2622 288 2685 τὸν
324 2618 431 2704 ἀνδρα
468 2616 524 2683 καὶ
560 2620 718 2703 λογισμὸς
748 2619 878 2703 ἥμερος.
932 2617 993 2703 οὐχ
1031 2617 1119 2684 οὕτω

103 2721 244 2813 στερρδιν
265 2724 321 2791 καί
343 2727 493 2811 άτρωτον
522 2726 588 2811 ἔχει
616 2725 774 2810 καρδίαν,
802 2720 881 2789 ὥστ’
913 2722 1121 2809 ἀνασχέσθαι

102 2832 226 2920 μητέρα
249 2835 332 2918 πρὸς
353 2843 423 2910 τοῖς
445 2829 566 2897 ἑαυτοῦ
588 2834 707 2915 γόνασι
730 2827 940 2915 κυλιομένην.

63 2965 88 3006 ετ
168 2939 301 3004 XXXX.
333 2936 388 3016 Ὡς
416 2934 446 3002 δ’
473 2934 636 3025 ἐπῄνεσαν
664 2937 702 3003 αί
721 2945 888 3022 παροῦσαι
915 2937 975 3001 τὸν
1005 2938 1121 3020 λόγου,

172 3137 187 3184 1
206 3130 346 3199 θελήσασι
364 3130 387 3183 Β
470 3135 487 3184 4
506 3128 741 3254 ταλῖαι>πώρους
759 3129 782 3183 Β
862 3134 878 3184 6
897 3128 961 3198 οὐχὶ
979 3129 1004 3182 Α
1024 3128 1076 3199 οὐχ
1095 3129 1121 3183 R

102 3211 118 3259 6
137 3203 270 3273 δεόμεναι
289 3203 311 3258 Ο
332 3199 451 3272 δεομένη
471 3218 494 3257 ο.
515 3201 565 3255 Sin
579 3200 639 3255 enis
658 3201 719 3256 Em.
737 3199 819 3255 D10n.
838 3199 926 3254 11115
946 3201 1077 3270 δεύμεθα
1097 3216 1120 3254 ο.

101 3273 271 3344 Grasberger
289 3274 364 3328 Tess.
383 3272 469 3327 Herb.
488 3290 515 3342 p.
531 3279 565 3326 33
584 3287 642 3340 eqs.
677 3275 682 3341 Ι
714 3269 891 3338 ἀπελήλακεν
910 3286 934 3326 ο.
954 3269 1123 3326 dubitanter

101 3342 243 3470 Kiesslinfi
305 3353 320 3400 7
340 3346 452 3405 εὐνοίας
467 3343 489 3398 Ο
509 3338 621 3406 ἐννοίας
639 3341 743 3397 Reiske
762 3342 813 3396 sed
827 3341 862 3397 cf.
877 3341 943 3396 VHl
957 3346 1032 3408 41,1
1104 3348 1121 3398 8

103 3423 200 3469 πασῶν
262 3418 361 3488 Ιφανε
381 3415 416 3469 διν
436 3413 459 3468 Ο
479 3414 605 3505 φανερὸν
624 3431 647 3468 ο.
667 3412 839 3482 Grasberger
857 3412 876 3467 l.
890 3412 909 3468 l.
987 3418 1019 3467 11
1042 3415 1123 3487 βοιδί-

103 3488 186 3555 ζομεν
203 3486 226 3540 Β
300 3495 332 3542 15
350 3437 403 3556 τύν
422 3480 541 3555 έσχατην
560 3483 647 3540 οὖσαν
665 3484 811 3547 κινδύνοις
830 3486 854 3539 Α
