2424 3848
519 183 681 232 -Ζ-
1063 182 1104 245 31

84 339 142 407 καὶ
172 343 269 406 ἔλεον
296 348 354 423 τής
381 350 569 426 συμφοράς,
601 342 639 406 αί
663 337 701 406 δέ
727 343 862 418 πλείους
890 343 946 406 διδι
972 345 1106 427 φθόνον

85 455 146 531 τῆς
173 446 276 512 πάλαι
302 443 382 512 ποτέ
409 447 568 532 εὐτυχίας.
604 445 659 513 καὶ
687 442 773 531 ήσαν
802 449 837 513 ολ
862 447 1107 527 ἀπαναστάντες

87 556 286 640 πανοικεσίᾳ
303 551 358 617 καὶ
377 551 596 637 μεταθέμενοι
609 555 666 630 τάς
680 555 823 636 οἰκήσεις
838 551 974 641 έτέρωσε
988 555 1107 622 πολλοὶ

86 661 192 726 πάνυ·
217 654 264 724 ὧν
288 660 324 725 οί
343 655 405 743 μέν
429 658 613 745 ἀνέστησαν
636 655 748 744 αὖθις,
771 659 884 744 ἐπειδὴ
907 659 1043 747 κατέστη
1067 663 1107 727 τά

88 767 265 853 πράγματα
288 774 345 850 τῆς
367 769 504 850 πόλεως,
527 767 563 832 οί
584 763 620 831 δὲ
644 765 699 832 καὶ
723 765 901 851 διέμειναν.
1133 791 1146 831 ε

157 871 298 938 XVIIII.
331 875 441 938 Ταῦτα
468 870 498 937 δ’
525 873 628 959 δρῶσι
654 883 724 950 τοῖς
750 874 887 951 ὑπάτοις
913 873 1022 940 ἐδόκει
1050 883 1108 958 τῆς

89 985 216 1066 βουλῆς
243 977 480 1066 ἐπιτρεπούσης
503 979 726 1065 στρατοπέδου
752 987 922 1046 ποιεῖσθαι
945 1005 1107 1067 καταγρα-

89 1087 159 1172 φήν
174 1084 230 1150 καὶ
244 1084 372 1169 ἐξάγειν
386 1084 448 1164 ἔξω
462 1086 524 1169 τήν
538 1086 695 1171 δύναμιν
712 1088 892 1172 εἰλήφεσαν
908 1085 937 1152 δ’
952 1086 1107 1173 ἀφορμήν

47 1202 51 1209 ’
89 1200 136 1280 τῷ
161 1190 370 1278 ἐγχειρήματι
391 1190 585 1277 πρέπουσαν
604 1192 783 1278 ἐπιδρομάς
801 1217 835 1258 τε
854 1191 910 1258 καὶ
933 1197 1108 1278 λεηλασίας

89 1295 298 1382 κακουμένης
320 1305 376 1382 τῆς
398 1300 506 1384 χώρας
532 1299 597 1364 ὑπὸ
625 1310 692 1364 τῶν
713 1303 882 1384 πολεμίων
904 1299 1044 1383 θαμινά,
1066 1299 1106 1363 τά
1121 1321 1147 1360 10

26 1401 120 1471 1356&
147 1406 243 1488 ἀλλα,
266 1404 328 1469 ὅσα
352 1404 387 1469 ἑκ
409 1415 469 1471 τοῦ
491 1405 680 1489 πράγματος
702 1407 827 1492 χρηστά
849 1402 904 1490 ήν,
928 1405 1075 1489 έπιλογιζ
1094 1445 1109 1455 -

91 1509 218 1596 μένοις,
246 1510 426 1596 ὑπερορίου
450 1520 603 1597 στρατιᾶς
626 1511 871 1597 ἐκπεμφθείσης
894 1513 938 1590 ὡς
961 1512 1108 1598 εὐπορω-

90 1615 172 1705 τέρᾳ
199 1612 261 1700 μέν
289 1615 400 1694 ἕξουσι
426 1625 464 1702 τῇ
493 1616 599 1704 ἀγορᾷ
625 1624 770 1702 χρῆσθαι
793 1620 828 1684 ολ
849 1617 1108 1704 ὑπολειφθέντες

92 1723 250 1800 ἐλάττους
267 1726 451 1808 γενόμενοι,
474 1722 511 1788 έν
535 1721 785 1810 ἀφθονωτέροις
808 1721 845 1791 δέ
864 1724 1016 1803 διάξουσι
1039 1736 1108 1802 τοῖς

91 1829 292 1914 ἐπιτηδείοις
321 1830 356 1895 ολ
376 1831 415 1894 τά
438 1829 523 1895 ὅπλα
546 1832 676 1916 ἔχοντες
699 1830 825 1896 ἐκτῶν
847 1837 1015 1916 πολεμίων
1039 1831 1107 1897 ἐπι·
1121 1850 1146 1891 1⁵

77 1939 305 2020 σιτιζόμενοι,
327 1939 473 2021 λωφήσει
498 1934 529 2001 δ’
557 1936 578 2020 ἡ
598 1937 721 2021 στάσις,
744 1938 825 2003 ὅσον
846 1937 888 2003 ἀν
910 1937 931 2021 ή
956 1941 1108 2023 στρατεία

90 2040 212 2129 κατέχη
226 2045 363 2128 χρόνον·
377 2042 517 2127 μάλιστα
531 2040 561 2108 δ’
576 2042 728 2128 ἐφαίνετο
739 2047 824 2133 έργφ
839 2045 1035 2128 βεβαιώσειν
1050 2044 1107 2109 αὐ-

90 2148 233 2224 τῶντὰς
250 2149 430 2231 διαλλαγάς
446 2152 738 2235 συστρατευόντων
757 2148 914 2233 ἀλλήλοις
926 2153 1108 2235 πατρικίων

89 2253 147 2320 καὶ
167 2255 355 2338 δημοτῶνή
370 2252 574 2339 γενησομένη
593 2256 680 2337 παρά
699 2259 777 2333 τοὺς
795 2257 975 2334 κινδύνους
997 2267 1107 2323 κακῶν

92 2384 127 2426 τε
146 2357 204 2425 καὶ
222 2358 360 2442 ἀγαθῶν
379 2361 554 2447 ἰσομοιρία.
591 2358 664 2426 ἀλλ’
687 2361 748 2427 οὐκ
766 2355 808 2445 ἦν
827 2364 863 2428 τὸ
878 2369 1007 2448 πλῆθος
1025 2348 1147 2463 ὑπή-220

91 2490 176 2533 κοον
209 2465 322 2543 αὐτοῖς
354 2463 425 2531 οὐδ’
458 2467 567 2552 ὥσπερ
597 2470 760 2553 πρότερον
793 2465 946 2535 ἑκούσιον
977 2470 1108 2554 ὑπήντα

90 2574 177 2659 πρὸς
200 2572 261 2654 τήν
278 2573 505 2658 καταγραφήν·
530 2571 677 2657 ἀνάγκην
696 2570 733 2638 δέ
754 2572 957 2660 προσφέρειν
976 2587 1045 2652 τοῖς
1062 2577 1106 2660 μή

91 2675 312 2762 βουλομένοις
326 2677 387 2744 οὐκ
401 2678 570 2744 ἐδικαίουν
583 2680 644 2763 τήν
658 2679 694 2745 ἐκ
708 2691 775 2745 τῶν
792 2685 907 2766 νόμων
926 2682 961 2747 ολ
973 2681 1106 2746 ὑπατοι·

92 2781 167 2849 ἀλλ’
195 2782 321 2849 ἐκτῶν
343 2787 525 2868 πατρικίων
549 2783 726 2851 ἐθέλονταί
744 2809 831 2863 τινες
853 2786 1107 2872 κατεγράφησαν

168 3017 185 3064 4
204 3007 372 3082 ἀνέστησαν]
397 3005 549 3081 ἐνόστησαν
572 3029 595 3068 ο.
615 3012 703 3067 Cobet
722 3012 787 3067 obs.
806 3018 900 3082 p.139
1010 3018 1026 3066 9
1046 3007 1107 3068 έπι-

92 3081 203 3152 δρομὰς
217 3113 250 3122 -
264 3084 411 3150 λεηλασίας
428 3085 446 3136 Β
462 3078 626 3153 ἐπιδρομαῖς
637 3115 668 3124 -
685 3085 844 3153 λεηλασίαις
856 3083 882 3137 R
955 3089 988 3138 10
1003 3104 1106 3139 κακου-

93 3154 181 3226 μένης
194 3160 243 3223 τής
261 3153 352 3222 χώρας
371 3153 435 3210 add.
448 3154 496 3207 Bb
510 3153 541 3207 in
554 3172 618 3224 mge
637 3152 814 3223 κακουμένην
828 3153 879 3222 τὴν
893 3153 987 3225 χώραν
1002 3154 1106 3210 Reiske

95 3232 127 3280 11
149 3221 370 3294 ἐπιλογιζόμενοι
387 3223 490 3280 Reiske
588 3232 618 3280 12
638 3226 830 3294 ὑπερορίουΒ
856 3239 859 3283 1
886 3224 1105 3296 εὑπορωτέραΒ

93 3294 320 3366 είιποράιταταλδ
411 3303 443 3350 15
462 3292 493 3351 ἐκ
511 3298 650 3365 πολεμίων
669 3296 714 3350 vel
733 3292 764 3350 ἐκ
785 3303 833 3364 τῆς
851 3299 984 3366 πολεμίας
1003 3315 1025 3353 ο.
1045 3298 1106 3367 syl-

91 3369 192 3492 burgB
242 3372 274 3421 17
295 3361 508 3440 ἐφ<αί>νετοΒ
587 3374 620 3422 18
639 3366 946 3439 συ.οτρατευόντωνΒ
1025 3376 1057 3424 19
1076 3387 1105 3422 τε

92 3457 149 3494 om.
