2424 3848
108 156 173 223 158
530 160 697 209 -H-

71 321 91 384 6
106 330 250 406 φρονεῖς.
296 318 353 383 ἵνα
371 314 408 383 δέ
425 317 533 383 πάντα
551 327 653 384 ταῦτα
675 317 761 403 ἀφῶ,
784 320 819 384 τί
838 316 881 383 ἀν
900 318 988 405 ἔχοις
1005 320 1121 403 είπελν,

106 419 132 489 ὦ
155 425 239 510 πρὸς
260 427 355 507 Διός,
378 429 413 489 ελ
430 447 479 502 τις
497 426 605 509 ἔροιτό
625 440 673 507 σε,
695 427 773 501 τοὺς
792 419 831 489 δὲ
849 425 891 509 δη
908 424 1037 510 τάφους
1055 436 1120 492 τῶν

104 533 281 615 προγόνων
317 533 353 596 τί
384 532 507 596 παθὼν
544 527 613 612 [ὑπ’
649 530 773 612 αὐτῶν]
812 529 1032 609 ἀνασκάπτεις
1066 529 1122 598 καί

103 638 215 721 τιμάς,
242 636 280 713 δς
306 639 494 721 κομίζονται
520 635 598 721 παρ’
629 636 832 724 ἀνθρώπων,
860 635 1001 723 ἀφαιρῇς
1029 644 1122 705 θεῶν

77 767 90 806 5
105 739 141 808 δέ
164 745 298 827 βωμοὺς
320 740 374 808 καὶ
397 741 514 829 τεμένη
532 740 588 809 καὶ
606 744 690 821 νεὼς
707 746 798 821 τίνος
818 741 1020 828 ἀδικήματος
1038 743 1121 830 ὀργῇ

104 855 207 936 συλᾷς
236 846 291 914 καὶ
327 853 512 927 κατακαίεις
545 847 600 915 καὶ
634 847 827 936 ἀνατρέπεις
856 847 912 914 καὶ
944 854 1150 935 σεβασμῶν-

104 954 166 1021 οὐκ
189 955 244 1042 ἐᾷς
265 956 443 1042 τυγχάνειν
460 967 528 1022 τῶν
550 959 717 1041 νομίμωνς
739 959 776 1021 τί
793 957 877 1041 πρὸς
898 965 1002 1022 ταῦτα
1020 960 1123 1042 φαίης

70 1063 160 1141 7άν;
185 1060 249 1146 ἐγὼ
273 1058 334 1147 μὲν
353 1063 416 1147 γδιρ
436 1058 537 1129 οὐδὲν
556 1063 633 1150 ὁρῶ.
678 1061 781 1128 ταῦτά
799 1077 854 1128 σοι
871 1064 951 1148 περί
969 1085 1005 1127 τε
1025 1061 1121 1147 ἡμῶν

103 1169 231 1251 αὐτῶν,
262 1164 460 1255 ὦΜάρκιε,
491 1181 558 1234 τῶν
591 1167 628 1234 έκ
658 1177 719 1235 τοῦ
751 1169 931 1252 συνεδρίου
960 1165 1019 1233 καὶ
1046 1167 1121 1255 περὶ

63 1298 89 1338 ιο
102 1286 169 1340 τῶν
204 1276 315 1340 άλλων
345 1280 507 1360 πολιτῶν,
544 1275 603 1352 οὓς
636 1271 795 1342 ἀπολέσαι
825 1279 985 1360 προθυμῇ
1017 1277 1121 1343 κακδν

103 1377 203 1446 οὐδὲν
226 1374 282 1447 ὑπ’
307 1381 418 1447 αὐτῶν
440 1383 633 1465 πεπονθώς,
659 1381 774 1467 τάφων
802 1377 916 1446 τεκαὶ
940 1381 1043 1467 ίερῶν
1065 1379 1118 1448 καί

101 1490 229 1564 πόλεως
254 1496 311 1571 τῆς
338 1486 533 1574 γειναμένης
560 1511 595 1554 τε
622 1485 678 1554 καί
707 1484 921 1575 θρεψαμένης
942 1487 984 1553 τὰ
1009 1488 1117 1555 δίκαια

102 1594 259 1678 είρησθω.

167 1697 268 1762 XXV.
302 1696 405 1782 Φέρε,
427 1700 459 1764 εί
480 1695 518 1765 δέ
542 1701 583 1784 δὴ
605 1699 731 1776 πάντας
753 1695 815 1785 μέν
837 1698 1043 1785 ἀνθρώπους
1064 1696 1114 1766 καὶ

62 1827 87 1868 15
101 1805 179 1880 τοὺς
206 1799 311 1888 μηδὲν
338 1802 536 1882 ἀδικοῦντάς
563 1821 600 1870 σε
626 1803 780 1889 γυναιξὶν
803 1806 888 1890 ὁμοῦ
909 1803 966 1871 καὶ
989 1804 1162 1883 τέκνοιςιόλῦ

102 1911 196 1986 δίκας
225 1925 279 1975 σοι
309 1911 428 1976 δοῦναι
456 1919 616 1996 προσῆκε,
646 1910 771 1989 πάντας
800 1907 837 1977 δὲ
866 1911 971 1990 θεούς
998 1935 1035 1978 τε
1064 1909 1115 1978 καὶ

100 2016 210 2101 ἥρωας
238 2014 294 2081 καὶ
324 2019 484 2101 δαίμονας
512 2019 613 2084 πόλιν
641 2041 677 2082 τε
706 2015 761 2084 καὶ
790 2019 902 2103 χώραν
931 2017 1115 2084 ἀπολαῦσαι

100 2132 157 2207 τῆς
184 2133 251 2188 τῶν
275 2123 454 2207 δημάρχων
476 2121 608 2207 ἀνοίας,
637 2121 693 2188 καὶ
715 2120 820 2209 μηδὲν
844 2122 1012 2211 ἐξαίρετον
1037 2121 1112 2210 μηδ’

100 2228 307 2313 ἀτιμώρητον
330 2226 490 2313 ἀφεῖσθαι
512 2227 612 2314 μέρος
634 2229 700 2295 ὑπὸ
724 2239 802 2314 σοῦ,
830 2229 890 2313 οὐχ
915 2230 1031 2307 ίκανάς
1053 2231 1114 2314 ἤδη

60 2358 86 2398 ιο
99 2334 188 2420 παρδι
215 2334 349 2400 πάντων
376 2333 588 2419 είσπέπραξαι
616 2337 711 2413 δίκας
736 2345 898 2403 τοσοῦτον
922 2332 985 2421 μέν
1007 2339 1115 2420 φόνον

100 2438 323 2525 ἐργασάμενος
346 2439 553 2527 ἀνθρώπων,
575 2443 740 2526 τοσαύτην
763 2437 800 2507 δὲ
822 2443 934 2527 χώραν
956 2440 1040 2528 πυρὶ
1062 2439 1117 2509 καὶ

100 2548 225 2636 σιδήρῳ
253 2547 503 2632 λωβησάμενος,
530 2548 692 2625 τοσαύτας
719 2543 756 2613 δὲ
782 2550 894 2624 πόλεις
917 2544 953 2611 έκ
975 2548 1116 2632 βάθρων

99 2654 296 2736 ἀναστησας,
319 2650 435 2739 ἑορτάς
458 2649 495 2718 δέ
517 2650 573 2718 καλ
594 2656 717 2730 θυσίας
738 2651 794 2718 καὶ
816 2654 1001 2737 σεβασμοὺς
1024 2659 1116 2720 θεῶν

98 2758 154 2826 καὶ
179 2762 349 2845 δαιμόνων
372 2757 409 2824 έν
431 2763 567 2836 πολλοῖς
589 2762 703 2836 τόποις
726 2757 905 2844 άνεόρτους
927 2756 1117 2842 ἀναγκάσας

171 2985 360 3040 ΙάπανταΟ
383 2986 478 3041 πάντα
496 2984 641 3054 Kiessling
730 2981 815 3039 δότ’
836 2985 928 3040 αὐτῶν
947 2984 1003 3040 del.
1025 2986 1115 3042 Cobet

98 3058 164 3115 obs.
184 3077 212 3129 p.
228 3062 279 3113 159
352 3057 478 3112 9αίιτῶν
497 3056 600 3111 οᾶᾶ.Β
673 3061 707 3110 14
721 3055 795 3124 άφαι
814 3053 920 3111 ε’σειδὲ
940 3055 976 3126 δὴ
991 3055 1115 3114 Οάναι-

98 3128 173 3199 ρέσει
193 3127 360 3184 ‘eversione’
386 3127 459 3198 legit
479 3128 574 3197 Lapus
592 3125 734 3196 ἀμέλεια
744 3125 804 3215 Syl
824 3144 877 3196 urg
904 3055 976 3183 ἀλλὰ
1024 3147 1070 3199 ερε
1088 3125 1116 3185 εί

97 3200 130 3255 δὲ
150 3200 227 3269 δηο.
242 3198 367 3255 Sintenis
382 3199 443 3254 Em.
456 3199 540 3253 Dion.
555 3198 616 3253 125
636 3193 698 3253 ἐπεὶ
713 3194 766 3267 φέρ
769 3215 819 3252 sc.
834 3197 983 3253 Baumann
997 3147 1113 3264 {uam

97 3273 246 3352 grammat
264 3288 291 3340 p.
307 3277 342 3326 ‘14
360 3270 439 3340 φέρε,
458 3268 520 3325 είδ
520 3268 588 3339 δδὴ
604 3285 670 3339 ego,
695 3285 867 3337 quamquam
886 3269 1082 3327 emendatio
1072 3288 1115 3326 m·

98 3344 177 3397 certa.
194 3341 307 3396 videtur
325 3343 460 3410 εεεεΙμ
462 3340 492 3396 ὲν
512 3340 608 3395 οιιι.Β
675 3345 709 3393 21
728 3339 889 3410 ἀνθρώπων
908 3339 1019 3396 adm
1078 3347 1116 3399 24

98 3411 275 3483 δαιμόνων
260 3432 297 3475 ως
315 3407 346 3467 ἒν
365 3361 477 3475 πολλομις
495 3411 518 3466 0
536 3413 649 3484 praeter
666 3411 690 3465 B

142 3588 227 3624 A
