2424 3848
115 190 182 256 260
539 193 707 241 -Η-

117 354 315 436 ἠναντιοῦτο
337 354 421 436 πρὸς
442 354 500 429 τὰς
523 350 659 430 ἐξόδους
681 351 840 417 αὐτοῦτὸ
860 353 1048 437 δαιμόνιον,
1073 353 1136 418 αὐ-

117 462 174 536 τὸς
209 455 270 543 μὲν
306 457 480 544 ὑπέμεινε,
519 459 577 536 τάς
615 455 651 523 δέ
689 461 864 545 κρατίστας
900 458 1136 544 ἐπιλεξάμενος

82 568 254 649 8σπείρας
276 564 445 632 ἀπέστειλε
467 575 513 655 τῷ
538 566 746 652 συνάρχοντι.
791 567 830 631 αί
850 562 887 631 δὲ
915 568 970 632 διά
992 563 1020 631 τ’
1043 566 1136 652 ὀρῶν

118 673 255 757 ἀφανῶς
277 670 332 738 καὶ
355 674 484 757 νύκτωρ
508 673 549 737 τά
576 674 682 738 πολλά
709 672 929 757 ποιησάμεναι
950 672 1009 749 τάς
1033 673 1137 751 ὁδοὺς

91 781 281 862 εείσηλθον
304 781 351 857 είς
373 782 432 845 τὸν
450 779 577 866 χάρακα
599 781 678 855 τοὺς
699 782 878 863 πολεμίους
901 785 1077 845 λαθοῦσαι.
1116 780 1135 846 ὁ

118 882 180 971 μὲν
207 881 270 951 οὖν
298 888 453 970 Αίμίλιος
479 886 687 972 θρασύτερος
717 884 863 968 ἐγεγόνει
895 895 934 971 τῇ
965 889 1136 973 παρουσίᾳ

118 1004 186 1058 τῶν
210 994 403 1079 συμμάχων,
427 994 463 1058 oc
483 988 521 1058 δὲ
543 990 694 1076 πολέμιοι
717 1001 762 1080 τῷ
785 1016 820 1057 τε
844 995 967 1076 πληθει
985 1001 1031 1080 τῷ
1053 1008 1202 1077 σφε-1711

118 1098 202 1189 τέρφ
230 1100 300 1183 είκη
323 1103 460 1166 πίσυνοι
490 1097 546 1164 καί
569 1099 626 1164 διά
647 1101 685 1164 τὸ
709 1100 753 1183 μὴ
777 1097 939 1178 ἐπεξιέναι
962 1102 1041 1176 τοὺς
1057 1096 1136 1164 Ῥω-

120 1209 239 1290 μαίους
265 1208 313 1283 είς
340 1206 449 1293 μάχην
477 1202 677 1291 ἐπαρθέντες
704 1203 883 1290 ἀνέβαινον
911 1204 965 1271 ἐπὶ
994 1208 1031 1271 τὸ
1056 1207 1136 1291 ὅρος

81 1342 108 1381 ω
120 1314 354 1389 πυκνώσαντες
381 1315 459 1389 τοὺς
487 1315 618 1397 λόχους·
651 1309 706 1376 καί
736 1313 771 1376 οί
791 1309 943 1396 Ῥωμαῖοι
974 1309 1136 1399 παρέντες

118 1419 240 1496 αὐτοὺς
262 1418 426 1503 ἀναβῆναι
449 1414 526 1483 καθ’
549 1417 691 1505 ἡσυχίαν
711 1416 767 1483 καί
789 1419 896 1484 πολλὰ
917 1428 1035 1484 πονεῖν
1057 1416 1136 1504 περὶ

117 1534 163 1613 τῶ
187 1525 395 1608 σταυρώματι
420 1523 590 1607 ἐάσαντες,
618 1522 730 1607 ἐπειδὴ
760 1525 799 1589 τά
822 1535 941 1608 σημεῖα
962 1526 1052 1609 ἤρθη
1076 1533 1136 1608 τῆς

119 1630 224 1716 μάχης
247 1631 488 1708 διασπάσαντες
510 1632 593 1696 κατὰ
615 1631 721 1697 πολλά
744 1629 826 1717 με’ρη
850 1632 910 1696 τὸν
928 1630 1055 1716 χάρακα
1079 1630 1136 1715 ἐμ-

118 1737 297 1801 πίπτουσιν
325 1737 451 1814 αὐτοῖς
479 1735 534 1802 καὶ
562 1738 598 1802 oc
621 1733 753 1821 μένίςε
723 1738 890 1822 ίχεῑρας
917 1736 1137 1815 καταστάντες

80 1871 105 1911 15
119 1852 188 1918 τοῖς
216 1840 346 1927 ξίφεσιν
374 1843 551 1930 ἐμάχοντο,
579 1845 615 1909 οί
641 1840 670 1908 δ’
697 1843 761 1908 ἀπὸ
789 1853 856 1908 τῶν
885 1842 1058 1929 ἐρυμάτων
1087 1848 1137 1910 λί-

118 1954 197 2025 θοις
218 1972 252 2013 τε
277 1947 331 2014 καὶ
355 1953 506 2027 σαυνίοις
527 1948 582 2015 καὶ
606 1953 740 2034 λόγχαις
762 1951 840 2026 τοὺς
863 1948 1015 2026 ἐπιόντας
1038 1951 1137 2033 ἐβαλ-

119 2059 195 2139 λον,
224 2052 320 2139 βέλος
349 2054 379 2121 θ’
407 2051 508 2121 οὐδὲν
535 2057 683 2121 άσκοπον
712 2050 756 2139 ἦν
777 2053 1010 2139 πεπιλημένων
1038 2051 1069 2137 γ’
1099 2056 1138 2122 έν

85 2164 239 2247 9βραχεῖ
263 2165 374 2251 χωρίςο
402 2167 545 2227 πολλῶν.
596 2160 837 2248 ἀπαράττονται
870 2161 911 2244 δὴ
939 2170 999 2226 τοῦ
1027 2164 1137 2246 λόφου

120 2270 264 2345 πολλοὺς
288 2278 383 2353 σφῶν
405 2268 629 2352 ἀποβαλόντες
648 2269 683 2334 οί
700 2267 908 2333 Οὐολοῦσκοι
930 2265 986 2331 καί
1006 2269 1054 2344 είς
1072 2295 1138 2354 φυ-

80 2403 106 2444 εο
119 2375 183 2458 μὴν
207 2374 410 2460 ὁρμήσαντες
432 2377 528 2458 μόγις
556 2376 604 2451 είς
630 2377 690 2440 τὸν
719 2375 806 2440 ἴδιον
830 2373 1055 2452 ἀποσώζονται
1079 2375 1138 2460 χά-

120 2503 212 2566 ρακα.
257 2477 410 2564 Ῥωμαῖοι
444 2476 472 2544 δ’
501 2481 546 2556 ῶς
575 2479 613 2545 ἐν
643 2480 806 2567 ἀσφαλείᾳ
836 2477 918 2556 τέως
947 2482 1042 2557 όντες
1070 2483 1137 2566 ἤδη

119 2583 316 2670 κατέβαινον
335 2583 388 2650 ἐπὶ
405 2588 483 2662 τοὺς
501 2584 625 2672 ἀγροὺς
643 2586 768 2651 αὐτῶν·
788 2584 821 2663 ἐξ
842 2579 889 2650 ὧν
908 2584 1138 2670 ἐπισιτισμοὺς

119 2689 175 2757 καὶ
197 2685 311 2774 τάλλα,
334 2692 424 2757 όσων
448 2691 565 2769 σπάνις
586 2686 630 2775 ἦν
653 2690 691 2757 ἐν
712 2700 758 2779 τῶ
782 2691 915 2778 χάρακι,
937 2690 1137 2776 ἐλάμβανον.

186 2797 383 2863 LXXXVII.
416 2795 547 2882 Ἐπειδὴ
568 2795 605 2863 δὲ
622 2805 769 2882 καθῆκεν
788 2799 806 2864 ὁ
825 2808 892 2864 τῶν
911 2797 1204 2885 ἀρχαιρεσιῶνιῖυε

192 3025 302 3081 θὸἃῶν
325 3027 444 3095 ἀφανῶν
473 3026 495 3080 Ο
524 3027 597 3097 ὀρῶν
624 3026 743 3096 ἀφανῶς
770 3043 793 3082 ο
813 3026 937 3082 Sintenis
964 3025 1026 3083 Em
1049 3026 1133 3083 Dion.

120 3097 160 3151 ΙΠ
174 3103 207 3151 18
234 3097 307 3167 ὀρῶν
326 3098 487 3166 ἀφανεῖςο.
506 3096 630 3152 Reudler
650 3098 741 3154 Tiroe.
762 3097 823 3154 crit.
841 3116 869 3169 p.
890 3104 906 3152 6
996 3093 1134 3154 8ἐκεῖο

121 3166 225 3236 είκῆο
244 3168 348 3222 Reiske
428 3175 460 3223 11
480 3169 593 3294 αότοιςέ
594 3168 616 3222 0
636 3169 778 3231 αότουςο.
799 3168 921 3239 Sylburg
1001 3174 1034 3224 17
1055 3167 1137 3242 βέλος

120 3258 150 3293 τε
170 3238 192 3293 0
212 3256 281 3293 corr
296 3238 399 3294 Reiske
426 3240 431 3313 Ι
455 3236 651 3309 πεπιλημένων
669 3259 699 3294 τε
718 3240 741 3296 0
760 3257 828 3294 corr
849 3239 952 3294 Reiske
1025 3245 1059 3294 18
1081 3241 1136 3295 ἀπ-

121 3308 292 3391 αρράτονται
310 3311 356 3364 Bb
448 3308 530 3366 19οί
546 3311 610 3364 add.
629 3311 653 3364 B
743 3317 776 3364 21
797 3311 855 3380 ἀσφ
857 3313 950 3366 αλείαι
969 3310 992 3366 0
1011 3310 1141 3381 ἀσφαλεῖ

122 3379 189 3434 edit·
170 3388 209 3434 t10
223 3381 376 3436 Kiosslin
368 3399 434 3436 mna
450 3385 454 3450 Ι
469 3379 538 3444 τέως
549 3382 595 3436 vel
609 3380 664 3451 ἤδη
679 3330 855 3436 delendum(p
843 3398 904 3438 esse
918 3380 1022 3436 Reiske
1037 3386 1136 3438 censet

121 3447 198 3512 τέλος
217 3451 335 3515 όντεςο.
381 3454 497 3522 iessling
515 3452 579 3508 Bas.
598 3454 694 3523 Progr.
713 3472 740 3523 p.
757 3459 791 3509 20
