2424 3848
511 190 678 242 -Θ-

84 352 215 434 πολλὴν
243 350 413 415 εὐπέτειαν
436 387 478 396 -
502 351 537 415 οί
561 352 624 437 γάρ
652 348 788 434 πένητες
813 351 961 431 ἐξέλιπον
984 356 1022 420 τὸ
1043 375 1099 419 πε-

87 461 176 542 δίον,
196 456 309 540 ἐπειδὴ
328 458 386 521 τὸν
405 457 512 542 ἀνδρα
530 458 626 521 τόνδε
646 456 877 541 ὀνομασθέντα
894 461 1043 542 ἥκουσαν
1057 497 1098 507 -

85 562 384 649 παραλαμβάνουσι
411 563 472 646 τὴν
499 563 658 628 ὑπατείαν
690 567 786 640 Τίτος
812 567 967 642 Κοίντιος
993 568 1100 631 Καπι-

85 675 227 746 τωλῖνος
249 667 304 734 καὶ
319 667 459 745 ’Ἁππιος
482 670 650 746 Κλαύδιος
672 673 837 754 Σαβῖνος,
860 672 935 736 ούτε
958 674 1015 749 τδις
1036 674 1100 758 φύ-

87 796 157 854 σεις
180 777 255 841 ούτε
276 776 335 852 τδς
352 771 560 861 προαιρέσεις
578 777 707 860 ἔχοντες
726 775 848 859 ὁμοίας.
882 774 1020 843 Ἀππίου
1038 765 1140 879 μδν25

86 885 151 968 γάρ
180 877 223 965 ἦν
251 883 364 966 γνώμη
392 889 555 966 περισπᾶν
583 879 659 965 περὶ
684 881 743 959 τάς
765 881 826 959 ἐξω
850 889 1019 968 στρατείας
1041 888 1100 951 τὸν

87 989 194 1075 ἀργὸν
224 985 279 1053 καὶ
311 986 434 1070 πένητα
463 988 586 1070 δῆμον,
619 987 675 1051 ἵνα
704 999 772 1052 τῶν
801 1011 835 1053 τε
866 986 943 1054 καθ’
974 989 1100 1077 ἡμέραν

88 1095 279 1179 ἀναγκαίων
297 1093 333 1159 ἐκ
350 1102 409 1177 τῆς
426 1096 584 1177 πολεμίας
601 1092 753 1180 εὐπορῶν
770 1106 840 1171 τοϊς
858 1095 961 1161 αὑτοῦ
974 1099 1101 1181 πόνοις,

89 1197 138 1266 ὧν
165 1200 202 1267 έν
228 1203 322 1287 χρείᾳ
349 1200 490 1284 μάλιστα
517 1199 658 1284 ὑπῆρχε,
685 1198 740 1264 καὶ
764 1201 805 1265 τά
828 1200 1039 1288 συμφέροντα
1061 1211 1100 1288 τῇ

88 1310 183 1373 πόλει
211 1307 504 1391 διαπραττόμενος,
531 1305 649 1387 ἥκιστα
675 1317 745 1382 τοῖς
772 1305 808 1379 ἐκ
834 1317 894 1372 τοῦ
922 1310 1101 1395 συνεδρίου
1116 1333 1142 1374 10

91 1416 255 1479 διοικοῦσι
277 1413 317 1477 τδι
339 1412 436 1477 κοινά
460 1412 626 1495 δυσμενής
648 1434 683 1476 τε
705 1410 760 1476 καὶ
782 1416 923 1497 χαλεπὸς
945 1408 980 1501 ᾖ·
1005 1412 1101 1480 πολέ-

89 1544 155 1604 μου
185 1515 222 1584 δὲ
252 1527 361 1583 πᾶσαν
389 1519 525 1582 ἔσεσθαι
554 1519 723 1603 πρόφασιν
750 1518 892 1602 εύλογον
918 1517 1101 1604 ἀπέφαινεν

90 1626 268 1710 ἡγεμονίας
296 1623 554 1710 ἀντιποιουμένῃ
584 1625 678 1688 πόλει
705 1622 760 1689 καὶ
787 1625 852 1692 ὑπὸ
875 1626 1009 1691 πάντων
1033 1625 1101 1691 ἐπι-

91 1729 329 1818 φθονουμένῃ,
351 1731 434 1795 κατά
456 1752 491 1794 τε
514 1731 551 1793 τὸ
575 1731 663 1806 είαδς
685 1741 755 1808 τοϊς
776 1735 952 1816 γεγονόσιν
974 1734 1038 1817 ἤδη
1061 1735 1101 1798 τά

89 1837 252 1923 μέλλοντα
274 1836 414 1915 εἰκάζειν
436 1835 542 1919 ἠξίου,
565 1834 808 1922 ἐπιλεγόμενος,
830 1838 906 1904 ὅσαι
927 1841 992 1924 ἤδη
1010 1843 1102 1924 κινή-
1116 1861 1142 1904 ιι

90 1962 160 2020 σεις
186 1942 340 2027 ἐγένοντο
369 1940 405 2006 ἐν
431 1951 470 2028 τῇ
497 1944 607 2026 πόλει,
637 1942 688 2007 ὅτι
715 1952 816 2009 πᾶσαι
838 1947 920 2010 κατδι
942 1946 1000 2021 τδις
1022 1946 1102 2011 ἀνα-

37 2050 220 2126 εοοπαύλας
242 2046 396 2132 ἐγένοντο
419 2057 486 2112 τῶν
503 2046 666 2130 πολέμου.
697 2050 843 2137 Κοιντίῳ
863 2047 895 2115 δ’
913 2048 976 2114 οὐκ
994 2049 1136 2122 έδόκει3

90 2157 237 2239 πόλεμον
265 2151 415 2239 ἐκφέρειν
443 2151 581 2235 οὐδένα,
613 2151 782 2235 ἀγαπητὸν
808 2152 1043 2239 ἀποφαίνοντι,
1072 2158 1103 2220 εί

89 2263 174 2346 πρὸς
196 2262 274 2336 τοὺς
296 2258 496 2343 ἀναγκαίους
517 2281 552 2323 τε
574 2255 629 2322 καὶ
647 2256 772 2334 ἔξωθεν
791 2256 1014 2342 ἐπαγομένους
1031 2285 1102 2326 κιν-

91 2368 216 2444 δύνους
237 2366 441 2450 καλούμενος
464 2365 481 2431 ὁ
506 2366 610 2449 δῆμος
632 2362 790 2446 εὐπειθὴς
811 2362 954 2448 γένοιτο,
977 2363 1032 2430 καλ
1053 2368 1102 2431 δι-
1116 2389 1143 2430 το

92 2475 260 2557 δάσκοντι,
283 2473 328 2550 ὡς
349 2474 381 2537 εί
402 2475 481 2557 βίαν
503 2469 706 2555 προσάξουσι
729 2481 799 2547 τοῖς
821 2471 865 2554 μὴ
888 2470 1102 2555 πειθομένοις

91 2582 140 2656 είς
157 2579 320 2646 ἀπόνοιαν
339 2577 587 2660 ἀναγκάσουσιν
604 2576 718 2642 ἐλθεῖν
731 2577 768 2641 τὸ
784 2578 973 2661 δημοτικόν,
993 2579 1102 2661 ὥσπερ

90 2685 147 2751 καὶ
165 2687 200 2751 οί
215 2687 279 2768 πρὸ
299 2685 408 2751 αὐτῶν
427 2683 585 2767 ἐποίησαν
603 2683 737 2748 ύπατοι·
757 2683 790 2761 ἐξ
810 2677 857 2748 ὧν
871 2684 1102 2749 κινδυνεύσειν

92 2791 212 2868 αὐτοὺς
235 2793 330 2856 δυείν
351 2790 509 2876 θάτερον,
531 2788 552 2873 ἢ
577 2785 620 2855 δι’
643 2790 779 2874 αἵματος
799 2787 854 2855 καὶ
872 2791 988 2874 φόνων
1006 2812 1103 2854 κατα-

90 2907 216 2963 παῦσαι
243 2898 303 2980 τὴν
332 2895 464 2979 στάσιν,
491 2894 512 2979 ἢ
539 2896 739 2981 θεραπεύειν
763 2897 904 2981 αἰσχρῶς
926 2895 1102 2980 ὑπομείναι
1116 2915 1143 2958 ει

163 3093 179 3141 2
198 3088 247 3142 τὸν
266 3104 320 3142 om.
338 3087 364 3140 A
418 3093 434 3140 3
452 3083 571 3148 Κόιντος
588 3087 642 3140 hoc
660 3087 721 3141 loco
741 3086 860 3155 aliisque
878 3087 931 3140 AB
949 3102 1000 3155 pro
1018 3087 1076 3140 Κοί
1092 3117 1102 3127 -

89 3178 150 3221 τιος
240 3165 255 3212 6
280 3154 327 3213 ἐπὶ
344 3157 395 3219 τδις
413 3155 464 3224 ἔξω
484 3174 507 3212 ο.
527 3157 649 3228 Sylburg
671 3156 736 3226 περὶ
753 3164 815 3219 ταῖς
833 3155 885 3223 ἔξω
905 3157 1060 3225 στρατείαις
1079 3174 1102 3212 ο.

91 3228 195 3284 Reisko
262 3235 279 3284 8
298 3229 384 3284 αύτού
402 3227 425 3281 Β
494 3233 526 3281 11
547 3229 737 3282 συνδιοικούσι
753 3227 780 3281 Α
798 3234 958 3282 συνοικούσι
976 3226 1023 3282 ΒΟ
1042 3243 1103 3281 cor-

91 3299 166 3354 rexit
184 3299 307 3369 Sylburg
379 3305 412 3354 13
437 3296 477 3354 ἔτι
496 3296 681 3370 φθονουμένγ
700 3297 801 3353 maluit
820 3297 979 3368 Stephanus
999 3293 1103 3367 ἐπιφα-

91 3379 148 3434 νῶς
166 3369 352 3444 φθονουμένῃ
371 3387 394 3426 ο.
412 3369 516 3425 Reiske
594 3377 627 3425 16
645 3368 729 3441 κατά]
749 3368 819 3439 μετὰ
837 3386 859 3424 υ.
875 3368 998 3439 Sylburg
1069 3377 1102 3426 18

93 3439 198 3497 ούδένα
216 3459 271 3497 om.
290 3442 313 3496 B
334 3447 339 3512 Ι
362 3436 542 3510 έπιφαίνοντι
560 3439 605 3494 Ba
