2378 3840
513 180 680 229 -H-
1036 177 1103 243 203

13 337 215 422 ιστεὴδονήν
237 361 313 403 τινα
336 335 577 425 ἐκαρπωσάμην
599 339 620 422 ἡ
644 341 749 425 μήτηρ
773 337 838 422 ἐγὼ
869 340 925 404 διά
949 337 1003 419 σε’;
1031 342 1104 405 τότε

84 441 150 530 μὲν
168 439 232 511 οὖν
249 445 289 509 τά
313 445 453 529 μάλιστα
475 445 622 530 ἠτύχουν
641 447 785 522 στάσεως
807 451 977 530 πολιτικῆς
998 444 1102 531 μέσον

84 550 199 637 ὁρῶσά
223 568 259 616 σε
282 555 446 635 κείμενον.
492 551 529 616 ἐν
552 543 603 628 οἷς
625 552 688 636 γάρ
712 552 833 617 ἀνθεῖν
856 551 982 629 ἐδόκεις
1009 557 1103 618 πολι-

83 657 225 742 τεύμασι
244 654 300 722 καὶ
317 660 421 734 πολὺς
439 660 548 733 ἔπνεις
571 656 825 742 ἐναντιούμενος
847 653 930 744 ὑπὲρ
954 666 1011 741 τῆς
1032 657 1104 744 ἀρι-

83 767 282 850 στοκρατίας
308 775 378 840 τοῖς
405 765 611 848 δημοτικοῖς,
638 761 728 830 ταῦτ’
760 761 833 848 ἐμοὶ
862 767 972 849 φόβου
999 765 1102 848 μεστά
1128 783 1142 825 ι

81 866 128 954 ήν
151 867 389 956 ἐνθυμουμένη
412 871 471 935 τὸν
489 869 707 955 ἀνθρώπινον
729 873 817 954 βίον,
841 870 886 946 ὡς
909 867 962 934 ἐπὶ
984 880 1103 957 μικρᾶς

82 979 255 1063 αἰωρεῖται
282 975 397 1060 ῥοπῆς,
429 974 483 1041 καὶ
511 974 547 1040 ἐκ
576 980 710 1040 πολλῶν
737 974 956 1061 ἀκουσμάτων
982 999 1018 1041 τε
1046 974 1102 1042 καὶ

81 1083 292 1168 παθημάτων
314 1082 482 1168 μαθούση,
505 1082 556 1147 ὅτι
578 1093 648 1159 τοῖς
669 1081 840 1167 ἐπισήμοις
857 1081 1001 1165 ἀνδράσι
1022 1086 1101 1147 θεία

82 1212 135 1266 τις
157 1187 366 1254 ἐναντιοῦται
388 1186 520 1272 νέμεσις
542 1186 562 1272 ή
584 1191 716 1274 φθόνος
735 1212 785 1266 τις
807 1188 1020 1271 ἀνθρώπινος
1041 1207 1101 1252 πο-

52 1287 56 1293 ’
84 1298 190 1377 λεμεῖ·
217 1291 273 1359 καὶ
300 1288 344 1377 ήν
365 1294 430 1379 ἀρα
457 1293 574 1378 μάντις
603 1293 732 1378 ἀληθής
754 1295 800 1370 ῶς
822 1296 945 1378 μήποτε
968 1294 1100 1378 ὤφελον
1115 1314 1142 1354 ιο

83 1411 153 1465 τῶν
186 1397 428 1484 ἐκβησομένων.
483 1402 729 1484 κατηγωνίσατό
764 1396 798 1482 γ’
835 1394 897 1464 οὖν
929 1416 966 1464 σε
997 1401 1102 1475 πολύς

84 1504 263 1591 ἐπιρράξας
285 1505 303 1570 δ
327 1508 494 1582 πολιτικὸς
521 1509 652 1591 φθόνος
679 1503 734 1570 καὶ
761 1503 952 1591 ἀνήρπασεν
980 1503 1016 1569 ἐκ
1043 1515 1101 1589 τής

83 1612 257 1698 πατρίδος·
286 1611 304 1677 ὁ
328 1607 366 1676 δέ
394 1612 475 1695 μετὰ
497 1612 600 1677 ταῦτά
623 1636 688 1695 μου
711 1613 798 1696 βίος,
826 1612 858 1675 εί
880 1612 921 1695 δή
946 1608 1001 1676 καὶ
1024 1614 1101 1695 βίον

83 1718 189 1783 αὐτὸν
217 1718 270 1782 δεῖ
294 1722 424 1801 καλεῖν,
456 1715 513 1803 ἀφ’
543 1713 585 1783 οὗ
612 1741 652 1803 με
679 1717 869 1782 καταλιπὼν
897 1720 1020 1804 ἔρημον
1047 1716 1100 1783 ἐπὶ

82 1835 154 1901 τοῖς
176 1825 322 1900 παιδίοις
343 1824 472 1900 τούτοις
494 1822 657 1908 ἀπήλθες,
686 1822 723 1888 ἐν
746 1824 852 1912 τούτῳ
876 1825 1099 1909 δεδαπάνηται
1113 1843 1139 1885 ιι

82 1939 130 2019 τῷ
153 1929 249 2019 ῥύπῳ
272 1928 327 1995 καὶ
350 1929 475 2006 ἐντοῖς
496 1933 674 2015 πενθίμοις
691 1931 825 2016 τρύχεσι
843 1931 981 2007 τούτοις.
1018 1928 1096 1996 ἀνθ’
1114 1935 1135 1998 2

10 2031 133 2106 τεκνῶν
157 2036 314 2102 ἁπάντων
342 2037 466 2120 ταύτην
493 2035 619 2102 ἀπαιτῶ
649 2052 685 2102 σε
714 2037 827 2123 χάριν,
856 2033 1022 2120 μηδέποτέ
1046 2053 1100 2102 σοι

82 2147 202 2229 βαρεῖα
224 2141 387 2227 γενομένη
411 2138 488 2227 μηδ’
515 2145 563 2219 είς
584 2144 643 2208 τὸν
666 2144 785 2208 λοιπὸν
803 2139 942 2225 ἐσομένη
964 2144 1100 2228 χρόνον,

83 2249 147 2326 ἕως
173 2247 216 2314 ἀν
245 2252 303 2332 ζῶ,
336 2249 555 2332 διαλλαγῆναι
582 2249 665 2334 πρὸς
691 2250 769 2324 τοὺς
796 2258 938 2315 σεαυτοῦ
964 2251 1100 2325 πολίτας

83 2356 149 2439 ήδη
168 2349 247 2419 ποτὲ
264 2352 320 2419 καὶ
338 2355 531 2419 παύσασθαι
552 2356 612 2420 τὸν
634 2353 823 2438 ἀμείλικτον
846 2357 948 2439 χόλον
971 2355 1098 2439 φυλάσ-
1111 2375 1139 2414 εο

83 2479 188 2528 σοντα
214 2461 296 2525 κατά
323 2469 380 2544 τῆς
403 2461 574 2546 πατρίδος·
601 2462 718 2526 κοινὸν
747 2459 878 2543 ἀγαθὸν
902 2457 1100 2546 ἀμφοτέροις

82 2568 165 2652 ήμῖν
188 2565 326 2645 ἀξιοῦσα
344 2570 460 2651 λαβεῖν
477 2563 531 2631 καὶ
551 2565 613 2631 οὐκ
632 2565 773 2651 ἐμαυτῆς
792 2566 880 2630 ίδιον
898 2569 1011 2650 μόνης.
1044 2568 1132 2633 σοί3

82 2698 120 2740 τε
143 2674 223 2759 γάρ,
251 2671 310 2738 ἐὰν
336 2679 477 2758 πεισθῇς
502 2670 558 2738 καὶ
584 2669 694 2757 μηθὲν
721 2671 902 2755 ἀνήκεστον
929 2669 1098 2756 ἐξεργάσῃ,

84 2780 239 2865 καθαράν
265 2776 321 2844 καὶ
349 2776 509 2863 ἀμίαντον
540 2781 628 2863 ἔχειν
660 2779 862 2862 συμβήσεται
894 2775 955 2859 τήν
985 2776 1098 2863 ψυχήν

83 2884 149 2952 ἀπὸ
181 2887 306 2961 παντὸς
338 2886 441 2970 χόλον
475 2882 530 2949 καὶ
563 2884 770 2971 ταράγματος
801 2883 991 2966 δαιμονίου·
1024 2881 1101 2967 ἐμοί
1111 2899 1137 2942 ει

84 3016 119 3057 τε
146 2992 167 3076 ἡ
190 2991 280 3077 παρὰ
306 3001 374 3056 τῶν
397 2995 542 3056 πολιτῶν
564 3013 599 3055 τε
625 2987 680 3055 καὶ
707 2989 889 3054 πολιτίδων
911 2989 987 3072 τιμή
1012 2989 1097 3074 ζώση

84 3121 119 3163 τε
141 3101 445 3184 παρακολουθοῦσα
463 3096 565 3180 <τὸν>
583 3099 660 3182 βίον
678 3095 860 3179 εὐδαίμονα
878 3096 1019 3178 ποιήσει,
1041 3091 1097 3187 καὶ

158 3295 172 3343 7
191 3308 221 3344 τε
239 3287 289 3342 καὶ
302 3287 481 3358 παθημάτων
500 3304 555 3341 om.
574 3289 598 3340 A
655 3292 688 3342 10
706 3285 876 3356 *ὄφελονΟ
896 3287 926 3340 et
944 3284 984 3339 sie
1002 3285 1096 3340 Kiess-

84 3359 146 3429 ling
165 3361 194 3414 et
211 3360 286 3414 Prou
359 3366 390 3413 11
410 3358 463 3429 γὰρ
483 3355 534 3413 οὖν
552 3357 675 3412 Reudler
693 3357 784 3412 Τίτου.
802 3359 863 3413 crit.
882 3363 941 3426 μῦ
1020 3362 1052 3411 13
1072 3355 1099 3411 εί

84 3433 135 3486 δεῖ
148 3429 209 3484 εἰπε
228 3430 264 3500 δὴ
283 3429 306 3485 Ο
326 3431 440 3500 praeter
459 3431 482 3483 B
554 3434 587 3482 27
606 3428 656 3483 τὸν
675 3428 738 3484 add.
757 3427 902 3499 Kiessling

752 3517 762 3542 δ
