2424 3848
548 189 715 241 -ρ-

191 350 278 415 XXI.
312 354 359 435 Τῇ
384 347 414 415 δ’
434 349 506 434 ἑξῆς
523 348 629 437 ἡμέρῳ
647 353 811 434 μαθόντες
828 351 890 432 τὴν
907 362 1208 436 κατασχοῦσανΙτυί

124 461 203 535 τοὺς
226 455 404 542 σφετέρους
428 458 531 542 τύχην
555 457 590 522 οἱ
610 454 800 541 κατέχοντες
822 459 859 522 τὸ
882 458 1063 544 φρούριον,
1087 459 1146 525 καὶ

128 566 178 630 ότι
201 566 238 630 τὸ
262 560 322 647 μὲν
341 570 458 629 πλεῖον
477 563 625 628 ἀπόλωλε
645 572 703 647 τῆς
722 572 876 648 στρατιᾶς
895 562 994 650 μέρος
1014 564 1052 632 ἐν
1070 578 1146 646 ταῖς

127 669 298 756 ἁρπαγαῖς,
321 672 358 736 τὸ
383 666 421 735 δὲ
442 671 618 758 κράτιστον
642 669 679 734 ἐν
703 672 773 755 όρει
795 676 1021 754 πολιορκεῖται
1045 697 1146 739 κατα-

100 774 359 861 τκεκλεισμίνον
384 776 506 866 ἐρήμῳ,
528 774 583 842 καὶ
606 778 638 842 εί
659 777 703 860 μὴ
727 777 840 861 ταχεῖά
863 799 913 854 τις
935 776 1050 856 αὐτοῖς
1073 781 1144 864 ἥξει

125 886 277 968 βοήθεια,
301 883 417 948 σπάνει
440 894 507 949 τῶν
530 881 719 965 ἀναγκαίων
741 882 934 967 φθάσουσιν
953 882 1144 969 ἐξαιρεθέν-

124 1014 188 1075 τες,
212 987 348 1077 ἐξῄεσαν
370 991 452 1055 κατά
476 990 626 1073 σπουδὴν
649 989 783 1072 ὀλίγους
800 989 889 1054 πάνυ
907 994 1145 1070 καταλιπόντες

126 1095 163 1161 ἕν
195 1106 240 1185 τῳ
272 1099 422 1185 φρουρίῳ
456 1097 611 1181 φύλακας.
661 1094 717 1161 καί
749 1095 870 1172 αὐτοὺς
897 1098 934 1161 οί
963 1100 1143 1184 Τυρρηνοί,

125 1201 205 1288 πρίν
224 1201 244 1287 ἢ
264 1201 421 1288 συμμίξαι
444 1213 515 1279 τοῖς
535 1199 659 1286 ἑτέροις
681 1201 1002 1286 ἐπικαταδραμόντες
1021 1204 1058 1271 ἐκ
1076 1218 1143 1273 τῶν

87 1331 112 1370 ιο
126 1313 258 1395 χωρίων
286 1312 490 1375 κυκλοῦνταί
509 1331 560 1393 τε,
586 1307 641 1373 καὶ
669 1309 775 1374 πολλὰ
797 1320 934 1391 γενναῖα
957 1312 1039 1395 ἔργα
1063 1313 1144 1379 ἀπο-

90 1414 340 1501 2δειξαμένους
363 1417 622 1501 διαφθείρουσιν
645 1416 791 1492 ἅπαντας
815 1418 878 1480 σὺν
901 1419 1022 1505 χρόνῳ.
1069 1417 1138 1503 μετ’

128 1523 169 1588 οὐ
196 1525 282 1588 πολὺ
306 1518 343 1586 δὲ
366 1520 421 1586 καὶ
445 1523 480 1588 ολ
500 1524 559 1588 τδν
582 1525 690 1607 λόφον
712 1524 974 1606 καταλαβόμενοι
998 1528 1085 1613 λιμῶ
1108 1550 1143 1591 τε

127 1625 181 1693 καὶ
201 1631 282 1714 δίνη
301 1632 486 1713 πιεζόμενοι
505 1629 605 1713 ὁμόσε
624 1639 744 1714 χωρεῖν
764 1639 833 1705 τοϊς
851 1632 1022 1713 πολεμίοις
1040 1632 1143 1713 ἔγνω-

128 1751 205 1799 σαν·
227 1732 282 1799 καὶ
307 1739 528 1819 συμπεσόντες
551 1735 658 1818 ὀλίγοι
680 1738 764 1823 πρὸς
785 1737 930 1811 πολλοὺς
953 1734 1061 1802 ἕωθεν
1086 1737 1143 1824 ἀρ-

88 1859 114 1900 15
128 1840 263 1925 ξάμενοι
282 1838 376 1926 με’χρι
395 1843 514 1919 νυκτὸς
532 1840 705 1926 ἐμάχοντο
729 1839 785 1905 καί
803 1850 964 1906 τοσοῦτον
983 1842 1143 1929 ἐποίησαν

127 1958 194 2013 τῶν
220 1950 388 2032 πολεμίων
412 1952 535 2033 φόνον,
565 1948 647 2012 ὥστε
670 1949 749 2024 τοὺς
772 1950 901 2034 σωροὺς
923 1958 990 2012 τῶν
1014 1963 1144 2036 νεκρῶν

127 2053 282 2139 ἐμποδὼν
310 2053 423 2132 αὐτοῖς
445 2049 532 2118 εἶναι
554 2062 612 2137 τῆς
635 2054 739 2138 μάχης
761 2057 908 2138 πολλαχῇ
932 2054 1142 2139 κεχυμένους.

128 2161 163 2226 ολ
185 2157 222 2226 δὲ
245 2158 411 2246 Τυρρηνοί
433 2165 548 2226 πλείου
567 2158 588 2242 ἢ
606 2162 644 2226 τὸ
664 2163 777 2245 τρίτον
795 2169 852 2243 τῆς
871 2169 1025 2246 στρατιᾶς
1044 2161 1206 2247 μέροςικεί

128 2266 370 2344 ἀπολωλεκότες
397 2265 452 2332 καὶ
479 2265 555 2353 περὶ
582 2275 643 2332 τοῦ
670 2271 790 2332 λοιποῦ
814 2268 994 2351 δείσαντες,
1023 2271 1144 2353 μικρὸν

87 2391 114 2431 20
129 2374 327 2459 ἀνασχόντες
358 2374 399 2437 τά
431 2373 517 2438 ὅπλα
550 2374 605 2438 διά
635 2383 703 2439 τῶν
730 2372 957 2456 ἀνακλητικῶν
985 2372 1155 2461 ἐπεκηρυ-Ι

128 2481 265 2545 κεύοντο
283 2481 366 2564 πρδς
380 2482 457 2555 τοὺς
472 2480 607 2566 ἀνδρας,
626 2481 742 2544 ἀδειαν
757 2479 868 2555 αὐτοῖς
881 2479 1145 2565 ὑπισχνούμενοι

128 2585 183 2652 καὶ
213 2588 345 2671 δίοδον,
372 2584 430 2651 ἐὰν
453 2587 492 2650 τά
515 2586 600 2651 ὅπλα
624 2584 816 2651 ἀποθῶνται
838 2583 893 2650 καὶ
916 2587 953 2651 τὸ
976 2587 1144 2672 φρούριον

93 2691 317 2757 3ἐκλίπωσιν.
373 2692 413 2757 οὐ
444 2689 720 2777 προσδεξαμένων
753 2688 790 2757 δὲ
821 2702 888 2756 τῶν
920 2691 1055 2777 ἀνδρῶν
1088 2695 1146 2771 τὰς

130 2802 328 2885 προκλήσεις
335 2849 345 2882 ,
381 2799 465 2865 ἀλλά
501 2800 561 2864 τδν
597 2799 716 2883 εὐγενῆ
752 2798 902 2865 θάνατον
934 2797 1145 2884 αίρουμένων

90 2922 115 2962 ²5
130 2903 274 2992 ἐπῄεσαν
298 2905 409 2984 αὐτοῖς
432 2900 533 2983 αὖθις
555 2905 591 2971 ἐκ
613 2907 785 2989 διαδοχῆς,
813 2904 981 2988 συστάδην
1004 2901 1067 2988 μὲν
1090 2905 1146 2971 καί

130 3011 166 3077 ἐκ
194 3014 302 3097 χειρὸς
329 3010 438 3076 οὐκέτι
467 3015 662 3098 μαχόμενοι,
694 3014 872 3095 πρόσωθεν
901 3006 938 3074 δὲ
965 3010 1146 3093 βάλλοντες

130 3116 251 3204 ἀθρόοι
275 3122 410 3203 λόγχαις
432 3116 487 3184 καὶ
510 3117 661 3203 χερμάσι,
683 3115 739 3183 καί
761 3112 805 3200 ἦν
826 3125 949 3204 νιφετῷ
973 3121 1146 3204 παραπλή-

202 3319 218 3365 4
237 3308 488 3382 κατακεκλειμένον
506 3310 529 3363 Β
593 3314 609 3361 5
629 3307 689 3377 ἥξει
707 3309 812 3378 ACmg
831 3306 908 3363 ἔσται
926 3307 949 3360 Β
969 3325 1023 3363 om.
1044 3308 1064 3363 O
1129 3317 1145 3365 6

132 3374 368 3506 ἒξῖαι>ρεθέντες
387 3383 408 3435 Β
516 3387 533 3435 8
556 3381 646 3470 χωρίῳ
666 3379 689 3435 Ο
709 3381 835 3452 φρουρίῳ
855 3380 929 3448 Cmg
952 3381 982 3472 ομ
1000 3378 1146 3451 Kiessling

132 3455 288 3521 θταίροις
305 3454 331 3504 Α
403 3459 438 3508 24
455 3449 714 3526 <αλ>ρουμενωνΒ
786 3457 820 3506 26
844 3444 875 3504 ἐκ
894 3470 994 3521 χειρων
1013 3451 1039 3504 Α
