2424 3848
525 162 575 216 '-
612 180 640 229 Η
677 209 708 217 -
1065 176 1131 242 193

115 337 246 423 αὐταῖς,
268 337 327 404 ἐὰν
348 338 369 423 ἡ
391 341 487 416 πόλις
508 337 602 423 ἡμῶν
624 338 689 405 ὑπὸ
712 350 781 417 τοῖς
801 343 970 425 πολεμίοις
987 337 1131 424 γένηται,

115 455 229 511 πᾶσαν
259 445 364 528 ἀλλην
394 442 599 527 ἀπογνοῦσαι
628 447 805 529 βοήθειαν,
835 445 946 530 ἐπειδή
976 457 1045 523 τοῖς
1074 446 1133 512 ἀν-

117 551 239 636 δράσιν
263 550 373 616 αὐτῶν
396 549 524 628 ἀξιοῦσι
543 553 766 617 διαλύσασθαι
783 554 843 620 τὸν
861 556 1007 638 πόλεμον
1025 553 1133 619 αὐθά-

116 658 188 734 δεις
211 653 266 722 καὶ
288 658 432 743 σκληράς
450 658 574 734 ἔδωκας
592 656 791 744 ἀποκρίσεις,
814 660 955 743 ἀγουσαι
973 661 1012 725 τδι
1035 657 1132 725 τέκνα

117 760 174 828 καὶ
201 774 270 840 τοῖς
296 766 472 847 πενθίμοις
497 765 628 841 τούτοις
654 762 875 849 ἠμφιεσμέναι
902 768 1035 851 τρύχεσι
1057 789 1132 832 κατ·
1158 792 1172 833 τ

119 868 246 954 ἐφυγον
276 864 327 934 ἐπ’
354 867 427 954 ἐμέ,
456 869 518 952 τήν
548 872 611 954 σήν
640 869 774 955 μητέρα,
803 869 858 936 καὶ
887 872 1135 958 Οὐολουμνίαν,

119 976 182 1058 τήν
214 976 278 1060 σήν
309 986 467 1061 γυναῖκα,
499 978 672 1061 δεόμεναι,
703 979 747 1062 μή
777 979 939 1064 περιιδεῖν
966 977 1067 1055 αῦτδις
1093 981 1133 1043 τὰ

120 1079 258 1166 μέγιστα
280 1092 347 1147 τῶν
370 1081 407 1147 ἐν
430 1081 622 1169 ἀνθρώποις
643 1094 754 1149 κακῶν
777 1084 842 1149 ύπδ
867 1093 929 1150 σοῦ
946 1085 1132 1162 παθούσας·

122 1183 228 1252 οὐθὲν
250 1183 311 1272 μέν
335 1189 410 1254 οῦτε
434 1192 546 1273 μεῖζον
569 1187 637 1255 οὔτ’
666 1193 801 1255 ἔλαττον
821 1191 867 1266 είς
888 1189 973 1273 ἡμᾶς
996 1189 1135 1277 ἐξαμαρ-

121 1302 254 1378 τοῦσαι,
280 1295 409 1377 πολλήν
437 1291 474 1360 δέ
501 1296 572 1379 καί,
600 1292 647 1360 ὅτ’
674 1295 894 1381 εὐτυχοῦμεν,
920 1297 1057 1362 εῦνοιαν
1085 1298 1133 1361 ἔτι
1148 1321 1174 1361 ιο

121 1403 379 1486 παρασχόμεναι,
397 1403 463 1485 καί,
481 1398 528 1466 ὅτ’
548 1400 757 1486 ἐπταίσαμεν,
771 1401 991 1486 συμπάθειαν.
1016 1404 1168 1488 έχομενὸ

122 1505 185 1591 γάρ
213 1506 327 1584 αὐταῖς
354 1517 549 1592 μαρτυρεῖν,
577 1506 610 1585 ἐξ
637 1503 679 1573 οὗ
707 1511 748 1573 σὺ
776 1506 903 1593 ἀπῆρας
930 1508 966 1574 ἐκ
995 1517 1052 1592 τής
1073 1529 1135 1573 πα-

122 1613 249 1697 τρίδος,
276 1612 369 1697 ἡμεῖς
397 1610 426 1677 δ’
454 1615 571 1698 έρημοι
598 1611 713 1679 καὶτὸ
737 1610 846 1698 μηθὲν
869 1616 917 1679 ἐτι
940 1609 1037 1680 οὖσαι
1059 1638 1135 1680 κατ-

46 1721 331 1803 1613ελειπόμεθα,
355 1730 500 1804 συνεχῶς
517 1742 552 1784 τε
571 1719 850 1806 παραγινομέναις
869 1723 952 1806 πρὸς
973 1720 1058 1806 ἡμᾶς
1080 1719 1135 1787 καὶ

121 1822 438 1909 παραμυθουμέναις
464 1825 522 1902 τὰς
550 1825 724 1911 συμφορὰς
750 1824 843 1911 ήμῶν
866 1824 922 1892 καὶ
949 1829 1134 1910 συναλγού-
1148 1844 1180 1892 ιτ

123 1945 203 2007 σαις.
248 1929 376 1995 τούτων
405 1931 446 2015 δή
474 1931 702 2015 λαμβάνουσαι
730 1934 863 2017 μνήμην
887 1931 951 2016 ἐγώ
979 1930 1091 1998 τεκαὶ
1114 1933 1135 2017 ἡ

123 2037 162 2119 σή
186 2037 272 2120 γυνή
298 2035 345 2119 [ἡ]
370 2047 635 2124 συνοικουροῦσα
658 2034 726 2122 μετ’
748 2036 829 2122 ἐμοῦ
852 2039 909 2115 τάς
932 2038 1055 2115 ίκεσίας
1078 2039 1136 2103 αῦε

124 2153 189 2207 τῶν
212 2141 275 2208 οὐκ
298 2140 567 2228 ἀπεστράφημεν,
595 2140 665 2208 ἀλλ’
693 2144 930 2228 ὑπεμείναμεν,
954 2144 998 2221 ὡς
1019 2142 1136 2227 ἠξίουν

66 2279 68 2282 ·
124 2247 208 2332 ἡμᾶς
230 2246 345 2313 ἐλθεῖν
366 2247 418 2314 ἐπὶ
443 2245 479 2314 σὲ
497 2246 552 2315 καὶ
569 2251 627 2327 τὰς
644 2246 727 2336 ὑπὲρ
745 2259 803 2335 της
820 2253 977 2339 πατρίδος
998 2254 1137 2337 ποιήσα-

125 2359 205 2418 σθαι
228 2355 364 2437 δεήσεις.
1149 2382 1175 2422 ιο

189 2456 392 2525 XXXXVII.
433 2458 504 2526 Ἔτι
532 2458 563 2525 δ’
594 2461 695 2546 αὐτῆς
721 2464 881 2548 λεγούσης
909 2463 1088 2549 ὑπολαβὼν
1118 2465 1136 2531 ὁ

125 2566 278 2648 Μάρκιος
305 2561 410 2631 εἶπεν·
429 2563 620 2632 Ἀδυνάτωυ
644 2566 800 2652 δεομένη,
827 2577 944 2654 μῆτερ,
972 2568 1137 2653 ἐλήλυθας

124 2670 264 2749 ἀξιοῦσα
292 2673 481 2758 προδοῦναί
507 2696 547 2758 με
574 2685 643 2750 τοῖς
669 2673 846 2758 ἐκβαλοῦσι
873 2677 951 2751 τοῦς
979 2674 1137 2753 ὑποδεξα-

125 2772 261 2860 μένους,
288 2773 343 2842 καὶ
369 2787 440 2854 τοῖς
466 2778 594 2844 ἅπαντά
621 2800 660 2862 με
691 2775 908 2862 ἀφελομένοις
930 2780 970 2844 τά
994 2778 1137 2863 ἐμαυτοῦ

124 2885 203 2959 τοῦς
225 2881 466 2968 χαρισαμένους
488 2885 528 2948 τά
546 2877 682 2968 μέγιστα
704 2894 770 2949 τῶν
788 2882 825 2949 ἐν
849 2882 1040 2969 ἀνθρώποις
1058 2883 1137 2969 ἀγα·
1151 2906 1177 2946 ει

125 2993 212 3054 θῦν
241 2979 291 3064 οἷς
319 2986 383 3071 ἐγὼ
411 2989 473 3072 τήν
496 2987 601 3075 ἀρχήν
624 2991 721 3072 τήνδε
744 2990 1013 3076 παραλαμβάνων
1035 2993 1138 3068 θεούς

200 3143 288 3198 1ῦπδ
309 3141 331 3198 0
351 3137 439 3198 ἐπὶο.
460 3143 548 3199 Cobet
566 3144 668 3213 Obs.p
671 3151 745 3200 ,164
764 3145 891 3200 Herhlein
908 3145 1026 3200 Hermes
1045 3146 1135 3200 Χ417

128 3211 437 3302 ῦ<ή>μφιεσμέναιΒ
530 3222 561 3270 10
581 3216 696 3270 εύνοιαν
716 3213 756 3270 ἔτι
746 3235 803 3270 ιπ.
824 3214 908 3271 Οέτι
926 3216 965 3271 εύ.
984 3235 1014 3270 π.
1033 3216 1136 3270 Reiske

130 3290 220 3338 14α
180 3305 220 3338 πα
222 3304 275 3355 ραγ
277 3282 419 3354 ινομέυαις
436 3286 506 3356 πρὸς
524 3286 596 3378 ἡμᾶς
612 3285 661 3340 καί
674 3285 992 3356 παραμυθουμέναις
964 3307 1013 3350 τας
1032 3304 1137 3378 συμφρ-

126 3355 479 3446 ρὰςΑτιαραχινομέναις
501 3364 562 3421 ταῖς
580 3358 778 3428 ουμφοραῐςΒ
815 3362 820 3427 Ι
853 3356 948 3412 καῖ
920 3378 970 3421 τας
992 3359 1137 3430 συμφορὰς

129 3425 164 3494 ἡ.
175 3426 377 3495 συναλγούσαις
394 3429 415 3484 O
433 3428 468 3485 cf.
487 3428 576 3484 Cobet
595 3429 660 3483 Obs.
678 3446 707 3498 p.
723 3434 773 3484 166
862 3435 893 3483 17
912 3427 929 3497 τ)
950 3429 1013 3483 add.
1034 3429 1137 3485 Reiske

181 3524 558 3569 mmmmm
946 3523 978 3573 13
