<?xml version="1.0" encoding="UTF-8"?>
<!DOCTYPE html PUBLIC "-//W3C//DTD XHTML 1.0 Transitional//EN"
    "http://www.w3.org/TR/xhtml1/DTD/xhtml1-transitional.dtd">
<html xmlns="http://www.w3.org/1999/xhtml" xml:lang="en" lang="en">
 <head>
  <title>
</title>
<meta http-equiv="Content-Type" content="text/html;charset=utf-8" />
  <meta name='ocr-system' content='tesseract 3.04.00' />
  <meta name='ocr-capabilities' content='ocr_page ocr_carea ocr_par ocr_line ocrx_word'/>
</head>
<body>
  <div class='ocr_page' id='page_1' title='image "./dionysihalicarn04diongoog_0395.png"; bbox 0 0 2424 3848; ppageno 0'>
   <div class='ocr_carea' id='block_1_1' title="bbox 101 183 692 247">
    <p class='ocr_par' dir='ltr' id='par_1_1' title="bbox 101 183 692 247">
     <span class='ocr_line' id='line_1_1' title="bbox 101 183 692 247; baseline 0.002 0"><span class='ocrx_word' id='word_1_1' title='bbox 101 183 167 247; x_wconf 75' lang='lat'><strong><em>378</em></strong></span> <span class='ocrx_word' id='word_1_2' title='bbox 524 183 692 236; x_wconf 83' lang='grc' dir='ltr'><strong><em>-θ-</em></strong></span> 
     </span>
    </p>
   </div>
   <div class='ocr_carea' id='block_1_2' title="bbox 60 338 1177 3364">
    <p class='ocr_par' dir='ltr' id='par_1_2' title="bbox 62 338 1177 2127">
     <span class='ocr_line' id='line_1_2' title="bbox 101 338 1177 429; baseline 0.004 -19"><span class='ocrx_word' id='word_1_3' title='bbox 101 346 147 422; x_wconf 82' lang='grc' dir='ltr'><strong><em>ῶς</em></strong></span> <span class='ocrx_word' id='word_1_4' title='bbox 173 343 446 428; x_wconf 75' lang='grc' dir='ltr'><strong><em>ἀναπαυσόμενοί</em></strong></span> <span class='ocrx_word' id='word_1_5' title='bbox 468 366 503 408; x_wconf 90' lang='grc' dir='ltr'><strong><em>τε</em></strong></span> <span class='ocrx_word' id='word_1_6' title='bbox 528 339 584 408; x_wconf 80' lang='grc' dir='ltr'><strong><em>καί</em></strong></span> <span class='ocrx_word' id='word_1_7' title='bbox 607 338 708 421; x_wconf 82' lang='grc' dir='ltr'><strong><em>αὖθις</em></strong></span> <span class='ocrx_word' id='word_1_8' title='bbox 730 345 779 421; x_wconf 85' lang='grc' dir='ltr'><strong><em>είς</em></strong></span> <span class='ocrx_word' id='word_1_9' title='bbox 799 342 894 422; x_wconf 79' lang='grc' dir='ltr'><strong><em>τάξιν</em></strong></span> <span class='ocrx_word' id='word_1_10' title='bbox 916 347 1177 429; x_wconf 71' lang='grc' dir='ltr'><strong><em>καταστησόιυοι</em></strong></span> 
     </span>
     <span class='ocr_line' id='line_1_3' title="bbox 101 447 1121 535; baseline 0.003 -21"><span class='ocrx_word' id='word_1_11' title='bbox 101 474 205 535; x_wconf 89' lang='grc' dir='ltr'><strong><em>μενοι.</em></strong></span> <span class='ocrx_word' id='word_1_12' title='bbox 255 447 328 514; x_wconf 86' lang='grc' dir='ltr'><strong><em>ἀλλ’</em></strong></span> <span class='ocrx_word' id='word_1_13' title='bbox 360 450 402 515; x_wconf 88' lang='grc' dir='ltr'><strong><em>οὐ</em></strong></span> <span class='ocrx_word' id='word_1_14' title='bbox 433 450 496 533; x_wconf 85' lang='grc' dir='ltr'><strong><em>γάρ</em></strong></span> <span class='ocrx_word' id='word_1_15' title='bbox 523 449 636 526; x_wconf 79' lang='grc' dir='ltr'><strong><em>αὐτοῖς</em></strong></span> <span class='ocrx_word' id='word_1_16' title='bbox 663 448 828 533; x_wconf 84' lang='grc' dir='ltr'><strong><em>ἐξεγένετο</em></strong></span> <span class='ocrx_word' id='word_1_17' title='bbox 855 455 1065 534; x_wconf 82' lang='grc' dir='ltr'><strong><em>καταστῆναί</em></strong></span> <span class='ocrx_word' id='word_1_18' title='bbox 1088 475 1121 517; x_wconf 88' lang='grc' dir='ltr'><strong><em>τε</em></strong></span> 
     </span>
     <span class='ocr_line' id='line_1_4' title="bbox 101 552 1122 642; baseline 0.003 -22"><span class='ocrx_word' id='word_1_19' title='bbox 101 553 157 620; x_wconf 81' lang='grc' dir='ltr'><strong><em>καὶ</em></strong></span> <span class='ocrx_word' id='word_1_20' title='bbox 187 552 326 632; x_wconf 78' lang='grc' dir='ltr'><strong><em>ἑαυτοὺς</em></strong></span> <span class='ocrx_word' id='word_1_21' title='bbox 354 555 551 639; x_wconf 77' lang='grc' dir='ltr'><strong><em>ἀναλαβεῖν,</em></strong></span> <span class='ocrx_word' id='word_1_22' title='bbox 580 553 653 620; x_wconf 87' lang='grc' dir='ltr'><strong><em>ἀλλ’</em></strong></span> <span class='ocrx_word' id='word_1_23' title='bbox 684 554 722 620; x_wconf 91' lang='grc' dir='ltr'><strong><em>ἐκ</em></strong></span> <span class='ocrx_word' id='word_1_24' title='bbox 750 556 854 632; x_wconf 87' lang='grc' dir='ltr'><strong><em>ποδὸς</em></strong></span> <span class='ocrx_word' id='word_1_25' title='bbox 880 553 1122 642; x_wconf 69' lang='grc' dir='ltr'><strong><em>ἠκολούθησαν</em></strong></span> 
     </span>
     <span class='ocr_line' id='line_1_5' title="bbox 102 657 1121 745; baseline 0.005 -20"><span class='ocrx_word' id='word_1_26' title='bbox 102 661 215 737; x_wconf 83' lang='grc' dir='ltr'><strong><em>αὐτοῖς</em></strong></span> <span class='ocrx_word' id='word_1_27' title='bbox 237 662 274 725; x_wconf 89' lang='grc' dir='ltr'><strong><em>οί</em></strong></span> <span class='ocrx_word' id='word_1_28' title='bbox 292 659 445 745; x_wconf 87' lang='grc' dir='ltr'><strong><em>πολέμιοι</em></strong></span> <span class='ocrx_word' id='word_1_29' title='bbox 467 665 676 745; x_wconf 90' lang='grc' dir='ltr'><strong><em>πιλήσαντες,</em></strong></span> <span class='ocrx_word' id='word_1_30' title='bbox 698 662 744 738; x_wconf 82' lang='grc' dir='ltr'><strong><em>ὡς</em></strong></span> <span class='ocrx_word' id='word_1_31' title='bbox 760 658 890 745; x_wconf 88' lang='grc' dir='ltr'><strong><em>μάλιστ’</em></strong></span> <span class='ocrx_word' id='word_1_32' title='bbox 908 657 953 744; x_wconf 74' lang='grc' dir='ltr'><strong><em>ήν</em></strong></span> <span class='ocrx_word' id='word_1_33' title='bbox 972 664 1121 731; x_wconf 85' lang='grc' dir='ltr'><strong><em>δυνατὸν</em></strong></span> 
     </span>
     <span class='ocr_line' id='line_1_6' title="bbox 75 769 1119 856; baseline 0.001 -21"><span class='ocrx_word' id='word_1_34' title='bbox 75 770 180 844; x_wconf 77' lang='grc' dir='ltr'><strong><em>ετοὺς</em></strong></span> <span class='ocrx_word' id='word_1_35' title='bbox 199 770 331 853; x_wconf 83' lang='grc' dir='ltr'><strong><em>λόχους,</em></strong></span> <span class='ocrx_word' id='word_1_36' title='bbox 347 769 404 832; x_wconf 77' lang='grc' dir='ltr'><strong><em>ἵνα</em></strong></span> <span class='ocrx_word' id='word_1_37' title='bbox 422 769 467 851; x_wconf 80' lang='grc' dir='ltr'><strong><em>μή</em></strong></span> <span class='ocrx_word' id='word_1_38' title='bbox 486 773 720 852; x_wconf 77' lang='grc' dir='ltr'><strong><em>καταραχθῶσι</em></strong></span> <span class='ocrx_word' id='word_1_39' title='bbox 737 769 821 852; x_wconf 84' lang='grc' dir='ltr'><strong><em>πρὸς</em></strong></span> <span class='ocrx_word' id='word_1_40' title='bbox 838 769 979 845; x_wconf 76' lang='grc' dir='ltr'><strong><em>ἄναντες</em></strong></span> <span class='ocrx_word' id='word_1_41' title='bbox 993 773 1119 856; x_wconf 78' lang='grc' dir='ltr'><strong><em>χωρίον</em></strong></span> 
     </span>
     <span class='ocr_line' id='line_1_7' title="bbox 65 869 1120 962; baseline 0.001 -23"><span class='ocrx_word' id='word_1_42' title='bbox 65 877 301 959; x_wconf 82' lang='grc' dir='ltr'><strong><em>5βιαζόμενοι.</em></strong></span> <span class='ocrx_word' id='word_1_43' title='bbox 345 869 401 937; x_wconf 78' lang='grc' dir='ltr'><strong><em>καὶ</em></strong></span> <span class='ocrx_word' id='word_1_44' title='bbox 427 876 554 956; x_wconf 90' lang='grc' dir='ltr'><strong><em>γίνεται</em></strong></span> <span class='ocrx_word' id='word_1_45' title='bbox 580 871 683 957; x_wconf 80' lang='grc' dir='ltr'><strong><em>μέγας</em></strong></span> <span class='ocrx_word' id='word_1_46' title='bbox 709 872 802 957; x_wconf 84' lang='grc' dir='ltr'><strong><em>ἀγὼν</em></strong></span> <span class='ocrx_word' id='word_1_47' title='bbox 829 871 884 938; x_wconf 76' lang='grc' dir='ltr'><strong><em>ἐπὶ</em></strong></span> <span class='ocrx_word' id='word_1_48' title='bbox 908 876 997 940; x_wconf 81' lang='grc' dir='ltr'><strong><em>πολὺ</em></strong></span> <span class='ocrx_word' id='word_1_49' title='bbox 1021 875 1120 962; x_wconf 87' lang='grc' dir='ltr'><strong><em>μέρος</em></strong></span> 
     </span>
     <span class='ocr_line' id='line_1_8' title="bbox 103 976 1118 1066; baseline 0.002 -21"><span class='ocrx_word' id='word_1_50' title='bbox 103 990 160 1064; x_wconf 79' lang='grc' dir='ltr'><strong><em>τῆς</em></strong></span> <span class='ocrx_word' id='word_1_51' title='bbox 181 978 321 1065; x_wconf 80' lang='grc' dir='ltr'><strong><em>ἡμέρας,</em></strong></span> <span class='ocrx_word' id='word_1_52' title='bbox 344 982 461 1064; x_wconf 89' lang='grc' dir='ltr'><strong><em>νεκροί</em></strong></span> <span class='ocrx_word' id='word_1_53' title='bbox 479 1002 515 1044; x_wconf 88' lang='grc' dir='ltr'><strong><em>τε</em></strong></span> <span class='ocrx_word' id='word_1_54' title='bbox 537 983 695 1045; x_wconf 90' lang='grc' dir='ltr'><strong><em>πίπτουσι</em></strong></span> <span class='ocrx_word' id='word_1_55' title='bbox 716 977 836 1044; x_wconf 83' lang='grc' dir='ltr'><strong><em>πολλοὶ</em></strong></span> <span class='ocrx_word' id='word_1_56' title='bbox 859 976 918 1064; x_wconf 81' lang='grc' dir='ltr'><strong><em>ἀφ’</em></strong></span> <span class='ocrx_word' id='word_1_57' title='bbox 945 978 1118 1066; x_wconf 82' lang='grc' dir='ltr'><strong><em>ἑκατέρων.</em></strong></span> 
     </span>
     <span class='ocr_line' id='line_1_9' title="bbox 100 1081 1118 1171; baseline 0.001 -19"><span class='ocrx_word' id='word_1_58' title='bbox 100 1085 157 1152; x_wconf 81' lang='grc' dir='ltr'><strong><em>καὶ</em></strong></span> <span class='ocrx_word' id='word_1_59' title='bbox 181 1086 390 1152; x_wconf 84' lang='grc' dir='ltr'><strong><em>Οὐολοῦσκοι</em></strong></span> <span class='ocrx_word' id='word_1_60' title='bbox 416 1088 540 1169; x_wconf 87' lang='grc' dir='ltr'><strong><em>πλήθει</em></strong></span> <span class='ocrx_word' id='word_1_61' title='bbox 562 1108 597 1150; x_wconf 86' lang='grc' dir='ltr'><strong><em>τε</em></strong></span> <span class='ocrx_word' id='word_1_62' title='bbox 620 1083 837 1171; x_wconf 82' lang='grc' dir='ltr'><strong><em>ὑπερέχοντες</em></strong></span> <span class='ocrx_word' id='word_1_63' title='bbox 858 1081 914 1150; x_wconf 80' lang='grc' dir='ltr'><strong><em>καί</em></strong></span> <span class='ocrx_word' id='word_1_64' title='bbox 936 1088 976 1151; x_wconf 88' lang='grc' dir='ltr'><strong><em>τὸ</em></strong></span> <span class='ocrx_word' id='word_1_65' title='bbox 999 1086 1038 1152; x_wconf 86' lang='grc' dir='ltr'><strong><em>ἐκ</em></strong></span> <span class='ocrx_word' id='word_1_66' title='bbox 1060 1097 1118 1153; x_wconf 84' lang='grc' dir='ltr'><strong><em>τοῦ</em></strong></span> 
     </span>
     <span class='ocr_line' id='line_1_10' title="bbox 101 1189 1118 1277; baseline 0.002 -21"><span class='ocrx_word' id='word_1_67' title='bbox 101 1196 205 1258; x_wconf 91' lang='grc' dir='ltr'><strong><em>τόπου</em></strong></span> <span class='ocrx_word' id='word_1_68' title='bbox 223 1194 481 1276; x_wconf 81' lang='grc' dir='ltr'><strong><em>προσειληφότες</em></strong></span> <span class='ocrx_word' id='word_1_69' title='bbox 499 1190 656 1276; x_wconf 86' lang='grc' dir='ltr'><strong><em>ἀσφαλές,</em></strong></span> <span class='ocrx_word' id='word_1_70' title='bbox 674 1190 854 1277; x_wconf 81' lang='grc' dir='ltr'><strong><em>οὐδετέρου</em></strong></span> <span class='ocrx_word' id='word_1_71' title='bbox 871 1192 1004 1258; x_wconf 85' lang='grc' dir='ltr'><strong><em>τούτων</em></strong></span> <span class='ocrx_word' id='word_1_72' title='bbox 1018 1189 1118 1258; x_wconf 75' lang='grc' dir='ltr'><strong><em>οὐδὲν</em></strong></span> 
     </span>
     <span class='ocr_line' id='line_1_11' title="bbox 62 1295 1118 1383; baseline -0.004 -17"><span class='ocrx_word' id='word_1_73' title='bbox 62 1326 88 1366; x_wconf 84' lang='grc' dir='ltr'><strong><em>ιο</em></strong></span> <span class='ocrx_word' id='word_1_74' title='bbox 101 1298 232 1382; x_wconf 88' lang='grc' dir='ltr'><strong><em>ἀγαθὸν</em></strong></span> <span class='ocrx_word' id='word_1_75' title='bbox 255 1296 462 1381; x_wconf 90' lang='grc' dir='ltr'><strong><em>ἀπήλαυσαν,</em></strong></span> <span class='ocrx_word' id='word_1_76' title='bbox 484 1295 557 1361; x_wconf 88' lang='grc' dir='ltr'><strong><em>ἀλλ’</em></strong></span> <span class='ocrx_word' id='word_1_77' title='bbox 579 1297 646 1364; x_wconf 79' lang='grc' dir='ltr'><strong><em>ὑπὸ</em></strong></span> <span class='ocrx_word' id='word_1_78' title='bbox 667 1307 727 1381; x_wconf 83' lang='grc' dir='ltr'><strong><em>τῆς</em></strong></span> <span class='ocrx_word' id='word_1_79' title='bbox 738 1295 909 1381; x_wconf 87' lang='grc' dir='ltr'><strong><em>Ῥωμαίων</em></strong></span> <span class='ocrx_word' id='word_1_80' title='bbox 926 1302 1118 1383; x_wconf 84' lang='grc' dir='ltr'><strong><em>προθυμίας</em></strong></span> 
     </span>
     <span class='ocr_line' id='line_1_12' title="bbox 100 1401 1117 1490; baseline 0 -22"><span class='ocrx_word' id='word_1_81' title='bbox 100 1402 157 1469; x_wconf 81' lang='grc' dir='ltr'><strong><em>καὶ</em></strong></span> <span class='ocrx_word' id='word_1_82' title='bbox 186 1402 304 1490; x_wconf 88' lang='grc' dir='ltr'><strong><em>ἀρετής</em></strong></span> <span class='ocrx_word' id='word_1_83' title='bbox 333 1401 565 1487; x_wconf 78' lang='grc' dir='ltr'><strong><em>ἐκβιασθέντες</em></strong></span> <span class='ocrx_word' id='word_1_84' title='bbox 593 1405 653 1468; x_wconf 87' lang='grc' dir='ltr'><strong><em>τόν</em></strong></span> <span class='ocrx_word' id='word_1_85' title='bbox 681 1426 717 1468; x_wconf 89' lang='grc' dir='ltr'><strong><em>τε</em></strong></span> <span class='ocrx_word' id='word_1_86' title='bbox 745 1406 854 1488; x_wconf 84' lang='grc' dir='ltr'><strong><em>λόφον</em></strong></span> <span class='ocrx_word' id='word_1_87' title='bbox 883 1402 1036 1481; x_wconf 77' lang='grc' dir='ltr'><strong><em>ἐξέλιπον</em></strong></span> <span class='ocrx_word' id='word_1_88' title='bbox 1063 1403 1117 1471; x_wconf 79' lang='grc' dir='ltr'><strong><em>καὶ</em></strong></span> 
     </span>
     <span class='ocr_line' id='line_1_13' title="bbox 66 1506 1116 1596; baseline 0.002 -21"><span class='ocrx_word' id='word_1_89' title='bbox 66 1507 156 1585; x_wconf 80' lang='grc' dir='ltr'><strong><em>6ἐπλ</em></strong></span> <span class='ocrx_word' id='word_1_90' title='bbox 177 1512 236 1575; x_wconf 90' lang='grc' dir='ltr'><strong><em>τὸν</em></strong></span> <span class='ocrx_word' id='word_1_91' title='bbox 258 1509 386 1596; x_wconf 87' lang='grc' dir='ltr'><strong><em>χάρακα</em></strong></span> <span class='ocrx_word' id='word_1_92' title='bbox 408 1510 589 1593; x_wconf 83' lang='grc' dir='ltr'><strong><em>φεύγοντες</em></strong></span> <span class='ocrx_word' id='word_1_93' title='bbox 611 1509 647 1573; x_wconf 79' lang='grc' dir='ltr'><strong><em>οἱ</em></strong></span> <span class='ocrx_word' id='word_1_94' title='bbox 666 1506 785 1574; x_wconf 81' lang='grc' dir='ltr'><strong><em>πολλοὶ</em></strong></span> <span class='ocrx_word' id='word_1_95' title='bbox 807 1506 1034 1593; x_wconf 84' lang='grc' dir='ltr'><strong><em>ἀπέθνησκον.</em></strong></span> <span class='ocrx_word' id='word_1_96' title='bbox 1077 1511 1116 1576; x_wconf 89' lang='grc' dir='ltr'><strong><em>ού</em></strong></span> 
     </span>
     <span class='ocr_line' id='line_1_14' title="bbox 101 1613 1116 1700; baseline 0.001 -20"><span class='ocrx_word' id='word_1_97' title='bbox 101 1618 165 1700; x_wconf 86' lang='grc' dir='ltr'><strong><em>γάρ</em></strong></span> <span class='ocrx_word' id='word_1_98' title='bbox 189 1622 303 1680; x_wconf 87' lang='grc' dir='ltr'><strong><em>είασαν</em></strong></span> <span class='ocrx_word' id='word_1_99' title='bbox 326 1615 449 1690; x_wconf 84' lang='grc' dir='ltr'><strong><em>αὐτοὺς</em></strong></span> <span class='ocrx_word' id='word_1_100' title='bbox 470 1616 507 1679; x_wconf 86' lang='grc' dir='ltr'><strong><em>οί</em></strong></span> <span class='ocrx_word' id='word_1_101' title='bbox 521 1613 676 1698; x_wconf 78' lang='grc' dir='ltr'><strong><em>Ῥωμαῖοι</em></strong></span> <span class='ocrx_word' id='word_1_102' title='bbox 698 1616 886 1698; x_wconf 81' lang='grc' dir='ltr'><strong><em>διώκοντες,</em></strong></span> <span class='ocrx_word' id='word_1_103' title='bbox 908 1613 983 1680; x_wconf 86' lang='grc' dir='ltr'><strong><em>ἀλλ’</em></strong></span> <span class='ocrx_word' id='word_1_104' title='bbox 1005 1616 1044 1682; x_wconf 88' lang='grc' dir='ltr'><strong><em>ἐκ</em></strong></span> <span class='ocrx_word' id='word_1_105' title='bbox 1060 1639 1116 1681; x_wconf 76' lang='grc' dir='ltr'><strong><em>πο</em></strong></span> 
     </span>
     <span class='ocr_line' id='line_1_15' title="bbox 101 1718 1114 1807; baseline 0.002 -21"><span class='ocrx_word' id='word_1_106' title='bbox 101 1723 160 1796; x_wconf 87' lang='grc' dir='ltr'><strong><em>δὸς</em></strong></span> <span class='ocrx_word' id='word_1_107' title='bbox 181 1720 417 1804; x_wconf 80' lang='grc' dir='ltr'><strong><em>ἠκολούθησαν</em></strong></span> <span class='ocrx_word' id='word_1_108' title='bbox 437 1718 493 1785; x_wconf 81' lang='grc' dir='ltr'><strong><em>καὶ</em></strong></span> <span class='ocrx_word' id='word_1_109' title='bbox 511 1721 553 1785; x_wconf 88' lang='grc' dir='ltr'><strong><em>ού</em></strong></span> <span class='ocrx_word' id='word_1_110' title='bbox 570 1725 733 1807; x_wconf 84' lang='grc' dir='ltr'><strong><em>πρότερον</em></strong></span> <span class='ocrx_word' id='word_1_111' title='bbox 752 1721 992 1806; x_wconf 80' lang='grc' dir='ltr'><strong><em>ἀπετράποντο,</em></strong></span> <span class='ocrx_word' id='word_1_112' title='bbox 1016 1723 1114 1807; x_wconf 81' lang='grc' dir='ltr'><strong><em>ήτήν</em></strong></span> 
     </span>
     <span class='ocr_line' id='line_1_16' title="bbox 62 1823 1115 1913; baseline 0 -19"><span class='ocrx_word' id='word_1_113' title='bbox 62 1853 88 1894; x_wconf 77' lang='grc' dir='ltr'><strong><em>ια</em></strong></span> <span class='ocrx_word' id='word_1_114' title='bbox 101 1825 315 1908; x_wconf 84' lang='grc' dir='ltr'><strong><em>παρεμβολήν</em></strong></span> <span class='ocrx_word' id='word_1_115' title='bbox 341 1826 454 1890; x_wconf 86' lang='grc' dir='ltr'><strong><em>αὐτῶν</em></strong></span> <span class='ocrx_word' id='word_1_116' title='bbox 481 1823 570 1891; x_wconf 79' lang='grc' dir='ltr'><strong><em>ἑλεῖν</em></strong></span> <span class='ocrx_word' id='word_1_117' title='bbox 597 1829 680 1891; x_wconf 85' lang='grc' dir='ltr'><strong><em>κατὰ</em></strong></span> <span class='ocrx_word' id='word_1_118' title='bbox 707 1827 834 1913; x_wconf 84' lang='grc' dir='ltr'><strong><em>κράτος.</em></strong></span> <span class='ocrx_word' id='word_1_119' title='bbox 879 1831 1057 1913; x_wconf 82' lang='grc' dir='ltr'><strong><em>γενόμενοι</em></strong></span> <span class='ocrx_word' id='word_1_120' title='bbox 1080 1826 1115 1894; x_wconf 78' lang='grc' dir='ltr'><strong><em>δὲ</em></strong></span> 
     </span>
     <span class='ocr_line' id='line_1_17' title="bbox 101 1929 1114 2022; baseline 0.004 -26"><span class='ocrx_word' id='word_1_121' title='bbox 101 1930 263 2015; x_wconf 88' lang='grc' dir='ltr'><strong><em>σωμάτων</em></strong></span> <span class='ocrx_word' id='word_1_122' title='bbox 285 1929 313 1994; x_wconf 91' lang='grc' dir='ltr'><strong><em>τ’</em></strong></span> <span class='ocrx_word' id='word_1_123' title='bbox 336 1930 503 2016; x_wconf 79' lang='grc' dir='ltr'><strong><em>ἐγκρατεῖς</em></strong></span> <span class='ocrx_word' id='word_1_124' title='bbox 524 1930 580 1997; x_wconf 82' lang='grc' dir='ltr'><strong><em>καὶ</em></strong></span> <span class='ocrx_word' id='word_1_125' title='bbox 603 1933 665 1998; x_wconf 84' lang='grc' dir='ltr'><strong><em>ὅσα</em></strong></span> <span class='ocrx_word' id='word_1_126' title='bbox 683 1932 912 2018; x_wconf 82' lang='grc' dir='ltr'><strong><em>ἐγκατελήφθη</em></strong></span> <span class='ocrx_word' id='word_1_127' title='bbox 930 1943 978 2022; x_wconf 77' lang='grc' dir='ltr'><strong><em>τῷ</em></strong></span> <span class='ocrx_word' id='word_1_128' title='bbox 997 1934 1114 2021; x_wconf 88' lang='grc' dir='ltr'><strong><em>χάρακι</em></strong></span> 
     </span>
     <span class='ocr_line' id='line_1_18' title="bbox 99 2034 1114 2127; baseline 0.005 -26"><span class='ocrx_word' id='word_1_129' title='bbox 99 2034 155 2102; x_wconf 80' lang='grc' dir='ltr'><strong><em>καὶ</em></strong></span> <span class='ocrx_word' id='word_1_130' title='bbox 173 2038 284 2102; x_wconf 78' lang='grc' dir='ltr'><strong><em>ἵππων</em></strong></span> <span class='ocrx_word' id='word_1_131' title='bbox 301 2036 358 2103; x_wconf 81' lang='grc' dir='ltr'><strong><em>καὶ</em></strong></span> <span class='ocrx_word' id='word_1_132' title='bbox 375 2037 489 2104; x_wconf 85' lang='grc' dir='ltr'><strong><em>ὅπλων</em></strong></span> <span class='ocrx_word' id='word_1_133' title='bbox 506 2037 562 2105; x_wconf 81' lang='grc' dir='ltr'><strong><em>καὶ</em></strong></span> <span class='ocrx_word' id='word_1_134' title='bbox 578 2040 754 2125; x_wconf 84' lang='grc' dir='ltr'><strong><em>χρημάτων</em></strong></span> <span class='ocrx_word' id='word_1_135' title='bbox 771 2042 976 2124; x_wconf 86' lang='grc' dir='ltr'><strong><em>παμπόλλων</em></strong></span> <span class='ocrx_word' id='word_1_136' title='bbox 994 2043 1114 2127; x_wconf 90' lang='grc' dir='ltr'><strong><em>κύριοι,</em></strong></span> 
     </span>
    </p>

    <p class='ocr_par' dir='ltr' id='par_1_3' title="bbox 60 2139 1165 3364">
     <span class='ocr_line' id='line_1_19' title="bbox 99 2139 1165 2232; baseline -0.001 -23"><span class='ocrx_word' id='word_1_137' title='bbox 99 2145 161 2227; x_wconf 85' lang='grc' dir='ltr'><strong><em>τήν</em></strong></span> <span class='ocrx_word' id='word_1_138' title='bbox 184 2139 246 2228; x_wconf 74' lang='grc' dir='ltr'><strong><em>μὲν</em></strong></span> <span class='ocrx_word' id='word_1_139' title='bbox 267 2145 372 2210; x_wconf 83' lang='grc' dir='ltr'><strong><em>νύκτα</em></strong></span> <span class='ocrx_word' id='word_1_140' title='bbox 390 2143 521 2229; x_wconf 83' lang='grc' dir='ltr'><strong><em>ἐκείνην</em></strong></span> <span class='ocrx_word' id='word_1_141' title='bbox 539 2147 660 2211; x_wconf 85' lang='grc' dir='ltr'><strong><em>αὐτόθι</em></strong></span> <span class='ocrx_word' id='word_1_142' title='bbox 677 2144 1056 2232; x_wconf 80' lang='grc' dir='ltr'><strong><em>κατεστρατοπέδευσαν,</em></strong></span> <span class='ocrx_word' id='word_1_143' title='bbox 1076 2155 1165 2232; x_wconf 71' lang='grc' dir='ltr'><strong><em>τήιλθτ</em></strong></span> 
     </span>
     <span class='ocr_line' id='line_1_20' title="bbox 101 2247 1114 2339; baseline 0.001 -23"><span class='ocrx_word' id='word_1_144' title='bbox 101 2247 132 2316; x_wconf 89' lang='grc' dir='ltr'><strong><em>δ’</em></strong></span> <span class='ocrx_word' id='word_1_145' title='bbox 146 2249 284 2337; x_wconf 77' lang='grc' dir='ltr'><strong><em>ἐπιούσῃ</em></strong></span> <span class='ocrx_word' id='word_1_146' title='bbox 298 2249 405 2339; x_wconf 79' lang='grc' dir='ltr'><strong><em>ἡμέρᾳ</em></strong></span> <span class='ocrx_word' id='word_1_147' title='bbox 418 2252 458 2316; x_wconf 85' lang='grc' dir='ltr'><strong><em>τά</em></strong></span> <span class='ocrx_word' id='word_1_148' title='bbox 472 2254 519 2329; x_wconf 88' lang='grc' dir='ltr'><strong><em>είς</em></strong></span> <span class='ocrx_word' id='word_1_149' title='bbox 532 2256 728 2337; x_wconf 88' lang='grc' dir='ltr'><strong><em>πολιορκίαν</em></strong></span> <span class='ocrx_word' id='word_1_150' title='bbox 737 2249 905 2334; x_wconf 86' lang='grc' dir='ltr'><strong><em>ἐπιτήδεια</em></strong></span> <span class='ocrx_word' id='word_1_151' title='bbox 913 2271 1114 2339; x_wconf 88' lang='grc' dir='ltr'><strong><em>παρεσκευα-</em></strong></span> 
     </span>
     <span class='ocr_line' id='line_1_21' title="bbox 60 2353 1112 2441; baseline 0.001 -17"><span class='ocrx_word' id='word_1_152' title='bbox 60 2386 88 2426; x_wconf 78' lang='grc' dir='ltr'><strong><em>το</em></strong></span> <span class='ocrx_word' id='word_1_153' title='bbox 101 2355 221 2440; x_wconf 81' lang='grc' dir='ltr'><strong><em>σμένος</em></strong></span> <span class='ocrx_word' id='word_1_154' title='bbox 247 2356 266 2422; x_wconf 87' lang='grc' dir='ltr'><strong><em>δ</em></strong></span> <span class='ocrx_word' id='word_1_155' title='bbox 293 2357 417 2434; x_wconf 81' lang='grc' dir='ltr'><strong><em>ὕπατος</em></strong></span> <span class='ocrx_word' id='word_1_156' title='bbox 447 2355 501 2422; x_wconf 82' lang='grc' dir='ltr'><strong><em>ἐπὶ</em></strong></span> <span class='ocrx_word' id='word_1_157' title='bbox 527 2359 589 2441; x_wconf 85' lang='grc' dir='ltr'><strong><em>τήν</em></strong></span> <span class='ocrx_word' id='word_1_158' title='bbox 612 2353 790 2422; x_wconf 82' lang='grc' dir='ltr'><strong><em>Ἀντιατῶν</em></strong></span> <span class='ocrx_word' id='word_1_159' title='bbox 816 2359 916 2423; x_wconf 89' lang='grc' dir='ltr'><strong><em>πόλιν</em></strong></span> <span class='ocrx_word' id='word_1_160' title='bbox 943 2359 986 2424; x_wconf 90' lang='grc' dir='ltr'><strong><em>ού</em></strong></span> <span class='ocrx_word' id='word_1_161' title='bbox 1013 2363 1112 2425; x_wconf 82' lang='grc' dir='ltr'><strong><em>πλείω</em></strong></span> 
     </span>
     <span class='ocr_line' id='line_1_22' title="bbox 67 2458 1113 2552; baseline 0.005 -26"><span class='ocrx_word' id='word_1_162' title='bbox 67 2475 85 2537; x_wconf 76' lang='lat'>7</span> <span class='ocrx_word' id='word_1_163' title='bbox 101 2461 289 2549; x_wconf 81' lang='grc' dir='ltr'><strong><em>ἀπέχουσαν</em></strong></span> <span class='ocrx_word' id='word_1_164' title='bbox 307 2463 484 2544; x_wconf 88' lang='grc' dir='ltr'><strong><em>τριάκοντα</em></strong></span> <span class='ocrx_word' id='word_1_165' title='bbox 501 2464 645 2528; x_wconf 77' lang='grc' dir='ltr'><strong><em>σταδίων</em></strong></span> <span class='ocrx_word' id='word_1_166' title='bbox 659 2458 719 2547; x_wconf 87' lang='grc' dir='ltr'><strong><em>ήγε</em></strong></span> <span class='ocrx_word' id='word_1_167' title='bbox 732 2463 794 2545; x_wconf 85' lang='grc' dir='ltr'><strong><em>τήν</em></strong></span> <span class='ocrx_word' id='word_1_168' title='bbox 808 2464 964 2548; x_wconf 88' lang='grc' dir='ltr'><strong><em>δύναμιν.</em></strong></span> <span class='ocrx_word' id='word_1_169' title='bbox 997 2468 1113 2552; x_wconf 85' lang='grc' dir='ltr'><strong><em>ἔτυχον</em></strong></span> 
     </span>
     <span class='ocr_line' id='line_1_23' title="bbox 101 2565 1113 2654; baseline 0.003 -20"><span class='ocrx_word' id='word_1_170' title='bbox 101 2565 139 2634; x_wconf 72' lang='grc' dir='ltr'><strong><em>δὲ</em></strong></span> <span class='ocrx_word' id='word_1_171' title='bbox 165 2574 315 2654; x_wconf 80' lang='grc' dir='ltr'><strong><em>φυλακῆς</em></strong></span> <span class='ocrx_word' id='word_1_172' title='bbox 342 2569 438 2634; x_wconf 80' lang='grc' dir='ltr'><strong><em>ἕνεκα</em></strong></span> <span class='ocrx_word' id='word_1_173' title='bbox 460 2580 530 2646; x_wconf 86' lang='grc' dir='ltr'><strong><em>τοῖς</em></strong></span> <span class='ocrx_word' id='word_1_174' title='bbox 549 2566 733 2646; x_wconf 81' lang='grc' dir='ltr'><strong><em>Ἀντιάταις</em></strong></span> <span class='ocrx_word' id='word_1_175' title='bbox 754 2571 913 2634; x_wconf 88' lang='grc' dir='ltr'><strong><em>Αίκανῶν</em></strong></span> <span class='ocrx_word' id='word_1_176' title='bbox 936 2595 1026 2649; x_wconf 90' lang='grc' dir='ltr'><strong><em>τινες</em></strong></span> <span class='ocrx_word' id='word_1_177' title='bbox 1048 2571 1113 2637; x_wconf 90' lang='grc' dir='ltr'><strong><em>ἐπί-</em></strong></span> 
     </span>
     <span class='ocr_line' id='line_1_24' title="bbox 99 2673 1113 2761; baseline 0.001 -21"><span class='ocrx_word' id='word_1_178' title='bbox 99 2698 217 2761; x_wconf 88' lang='grc' dir='ltr'><strong><em>κουροι</em></strong></span> <span class='ocrx_word' id='word_1_179' title='bbox 248 2677 409 2757; x_wconf 86' lang='grc' dir='ltr'><strong><em>παρόντες</em></strong></span> <span class='ocrx_word' id='word_1_180' title='bbox 440 2673 496 2739; x_wconf 84' lang='grc' dir='ltr'><strong><em>καὶ</em></strong></span> <span class='ocrx_word' id='word_1_181' title='bbox 522 2675 744 2759; x_wconf 79' lang='grc' dir='ltr'><strong><em>φυλάττοντες</em></strong></span> <span class='ocrx_word' id='word_1_182' title='bbox 773 2676 813 2739; x_wconf 85' lang='grc' dir='ltr'><strong><em>τά</em></strong></span> <span class='ocrx_word' id='word_1_183' title='bbox 839 2679 945 2760; x_wconf 89' lang='grc' dir='ltr'><strong><em>τείχη·</em></strong></span> <span class='ocrx_word' id='word_1_184' title='bbox 983 2681 1020 2743; x_wconf 79' lang='grc' dir='ltr'><strong><em>οἳ</em></strong></span> <span class='ocrx_word' id='word_1_185' title='bbox 1043 2681 1113 2743; x_wconf 92' lang='grc' dir='ltr'><strong><em>τότε</em></strong></span> 
     </span>
     <span class='ocr_line' id='line_1_25' title="bbox 100 2778 1113 2868; baseline 0.003 -23"><span class='ocrx_word' id='word_1_186' title='bbox 100 2783 269 2856; x_wconf 84' lang='grc' dir='ltr'><strong><em>δείσαντες</em></strong></span> <span class='ocrx_word' id='word_1_187' title='bbox 295 2782 331 2845; x_wconf 85' lang='grc' dir='ltr'><strong><em>τὸ</em></strong></span> <span class='ocrx_word' id='word_1_188' title='bbox 350 2778 518 2864; x_wconf 87' lang='grc' dir='ltr'><strong><em>Ῥωμαίων</em></strong></span> <span class='ocrx_word' id='word_1_189' title='bbox 545 2784 712 2866; x_wconf 86' lang='grc' dir='ltr'><strong><em>τολμηρὸν</em></strong></span> <span class='ocrx_word' id='word_1_190' title='bbox 739 2783 890 2868; x_wconf 89' lang='grc' dir='ltr'><strong><em>δρασμὸν</em></strong></span> <span class='ocrx_word' id='word_1_191' title='bbox 917 2781 955 2848; x_wconf 88' lang='grc' dir='ltr'><strong><em>ἐκ</em></strong></span> <span class='ocrx_word' id='word_1_192' title='bbox 976 2793 1036 2867; x_wconf 83' lang='grc' dir='ltr'><strong><em>τῆς</em></strong></span> <span class='ocrx_word' id='word_1_193' title='bbox 1057 2786 1113 2848; x_wconf 85' lang='grc' dir='ltr'><strong><em>πό</em></strong></span> 
     </span>
     <span class='ocr_line' id='line_1_26' title="bbox 173 2934 1112 3000; baseline 0.003 -9"><span class='ocrx_word' id='word_1_194' title='bbox 173 2943 186 2990; x_wconf 97' lang='grc'><strong>1</strong></span> <span class='ocrx_word' id='word_1_195' title='bbox 207 2934 293 2998; x_wconf 73' lang='grc' dir='ltr'><strong><em>αὖθις</em></strong></span> <span class='ocrx_word' id='word_1_196' title='bbox 311 2936 360 2990; x_wconf 80' lang='grc' dir='ltr'><strong><em>κοιλ</em></strong></span> <span class='ocrx_word' id='word_1_197' title='bbox 379 2936 401 2991; x_wconf 95' lang='lat'>0</span> <span class='ocrx_word' id='word_1_198' title='bbox 420 2938 469 2991; x_wconf 83' lang='grc' dir='ltr'><strong><em>καὶ</em></strong></span> <span class='ocrx_word' id='word_1_199' title='bbox 488 2934 574 3000; x_wconf 76' lang='grc' dir='ltr'><strong><em>αὖθις</em></strong></span> <span class='ocrx_word' id='word_1_200' title='bbox 591 2937 721 2992; x_wconf 80' lang='lat' dir='ltr'>Hertlein</span> <span class='ocrx_word' id='word_1_201' title='bbox 738 2938 856 2992; x_wconf 80' lang='lat' dir='ltr'><strong>Hermes</strong></span> <span class='ocrx_word' id='word_1_202' title='bbox 874 2937 901 2991; x_wconf 88' lang='lat' dir='ltr'>X</span> <span class='ocrx_word' id='word_1_203' title='bbox 918 2946 972 2994; x_wconf 77' lang='lat'><strong><em>419</em></strong></span> <span class='ocrx_word' id='word_1_204' title='bbox 1046 2947 1062 2994; x_wconf 83' lang='lat'><strong>2</strong></span> <span class='ocrx_word' id='word_1_205' title='bbox 1085 2957 1112 2993; x_wconf 81' lang='grc' dir='ltr'><strong><em>τε</em></strong></span> 
     </span>
     <span class='ocr_line' id='line_1_27' title="bbox 99 3008 1113 3081; baseline 0.003 -19"><span class='ocrx_word' id='word_1_206' title='bbox 99 3009 165 3062; x_wconf 84' lang='lat' dir='ltr'><strong>add.</strong></span> <span class='ocrx_word' id='word_1_207' title='bbox 185 3010 206 3061; x_wconf 91' lang='lat' dir='ltr'>B</span> <span class='ocrx_word' id='word_1_208' title='bbox 276 3012 512 3077; x_wconf 85' lang='grc' dir='ltr'><strong><em>5καταραχθῶσι</em></strong></span> <span class='ocrx_word' id='word_1_209' title='bbox 531 3011 575 3063; x_wconf 81' lang='lat' dir='ltr'><strong><em>Ba</em></strong></span> <span class='ocrx_word' id='word_1_210' title='bbox 592 3008 897 3081; x_wconf 77' lang='grc' dir='ltr'><strong><em>&lt;κατα&gt;&lt;ρρ&gt;αχθῶσι</em></strong></span> <span class='ocrx_word' id='word_1_211' title='bbox 914 3009 963 3064; x_wconf 90' lang='lat' dir='ltr'><strong><em>Bb</em></strong></span> <span class='ocrx_word' id='word_1_212' title='bbox 1033 3012 1113 3066; x_wconf 77' lang='grc' dir='ltr'><strong><em>θού-</em></strong></span> 
     </span>
     <span class='ocr_line' id='line_1_28' title="bbox 99 3077 1111 3151; baseline 0 -17"><span class='ocrx_word' id='word_1_213' title='bbox 99 3077 202 3150; x_wconf 86' lang='grc' dir='ltr'><strong><em>δετέρφ</em></strong></span> <span class='ocrx_word' id='word_1_214' title='bbox 220 3078 246 3131; x_wconf 81' lang='lat' dir='ltr'>A</span> <span class='ocrx_word' id='word_1_215' title='bbox 270 3083 274 3147; x_wconf 94' lang='grc' dir='ltr'>Ι</span> <span class='ocrx_word' id='word_1_216' title='bbox 300 3080 416 3140; x_wconf 83' lang='grc' dir='ltr'><strong><em>ούδενδς</em></strong></span> <span class='ocrx_word' id='word_1_217' title='bbox 433 3080 547 3148; x_wconf 82' lang='grc' dir='ltr'><strong><em>ἀγαθοῦ</em></strong></span> <span class='ocrx_word' id='word_1_218' title='bbox 567 3079 587 3133; x_wconf 86' lang='lat' dir='ltr'>C</span> <span class='ocrx_word' id='word_1_219' title='bbox 670 3087 703 3134; x_wconf 91' lang='lat'><strong><em>10</em></strong></span> <span class='ocrx_word' id='word_1_220' title='bbox 722 3078 933 3151; x_wconf 88' lang='grc' dir='ltr'><strong><em>ἀπ&lt;ή&gt;λανσαν</em></strong></span> <span class='ocrx_word' id='word_1_221' title='bbox 952 3082 999 3136; x_wconf 91' lang='lat' dir='ltr'><strong><em>Bb</em></strong></span> <span class='ocrx_word' id='word_1_222' title='bbox 1081 3087 1111 3134; x_wconf 87' lang='grc'><strong><em>13</em></strong></span> 
     </span>
     <span class='ocr_line' id='line_1_29' title="bbox 99 3149 1111 3221; baseline 0 -16"><span class='ocrx_word' id='word_1_223' title='bbox 99 3152 211 3221; x_wconf 76' lang='grc' dir='ltr'><strong><em>εἴασαν]</em></strong></span> <span class='ocrx_word' id='word_1_224' title='bbox 236 3151 353 3204; x_wconf 84' lang='grc' dir='ltr'><strong><em>ἀνίεσαν</em></strong></span> <span class='ocrx_word' id='word_1_225' title='bbox 375 3151 447 3205; x_wconf 76' lang='lat' dir='ltr'><strong>smit</strong></span> <span class='ocrx_word' id='word_1_226' title='bbox 466 3149 532 3205; x_wconf 78' lang='lat' dir='ltr'>Obs.</span> <span class='ocrx_word' id='word_1_227' title='bbox 550 3169 578 3221; x_wconf 89' lang='lat' dir='ltr'><strong><em>p.</em></strong></span> <span class='ocrx_word' id='word_1_228' title='bbox 593 3156 628 3204; x_wconf 79' lang='lat'><strong><em>42</em></strong></span> <span class='ocrx_word' id='word_1_229' title='bbox 720 3157 753 3206; x_wconf 80' lang='lat'><strong><em>15</em></strong></span> <span class='ocrx_word' id='word_1_230' title='bbox 777 3152 871 3205; x_wconf 77' lang='grc' dir='ltr'><strong><em>αὐτῶν</em></strong></span> <span class='ocrx_word' id='word_1_231' title='bbox 889 3168 944 3206; x_wconf 89' lang='lat' dir='ltr'><strong><em>om.</em></strong></span> <span class='ocrx_word' id='word_1_232' title='bbox 964 3151 990 3204; x_wconf 81' lang='lat' dir='ltr'>A</span> <span class='ocrx_word' id='word_1_233' title='bbox 1081 3158 1111 3205; x_wconf 86' lang='grc'><strong><em>16</em></strong></span> 
     </span>
     <span class='ocr_line' id='line_1_30' title="bbox 98 3216 1113 3364; baseline 0.002 -18"><span class='ocrx_word' id='word_1_234' title='bbox 98 3216 396 3360; x_wconf 51' lang='grc' dir='ltr'><strong><em>εκτεινεν</em></strong></span> <span class='ocrx_word' id='word_1_235' title='bbox 412 3216 670 3347; x_wconf 50' lang='grc' dir='ltr'><strong><em>ἑίιιιαῐςά</em></strong></span> <span class='ocrx_word' id='word_1_236' title='bbox 763 3216 1053 3364; x_wconf 43' lang='grc' dir='ltr'><strong><em>Μέντα</em></strong></span> <span class='ocrx_word' id='word_1_237' title='bbox 1070 3223 1113 3348; x_wconf 67' lang='grc' dir='ltr'><strong><em>λε</em></strong></span> 
     </span>
    </p>
   </div>
   <div class='ocr_carea' id='block_1_3' title="bbox 97 3362 1114 3502">
    <p class='ocr_par' dir='ltr' id='par_1_4' title="bbox 97 3362 1114 3502">
     <span class='ocr_line' id='line_1_31' title="bbox 97 3362 1114 3485; baseline 0.003 -70"><span class='ocrx_word' id='word_1_238' title='bbox 97 3369 134 3484; x_wconf 53' lang='grc' dir='ltr'><strong><em>ἰῗχ</em></strong></span> <span class='ocrx_word' id='word_1_239' title='bbox 156 3362 306 3485; x_wconf 56' lang='grc' dir='ltr'><strong><em>πφίηόντες]</em></strong></span> <span class='ocrx_word' id='word_1_240' title='bbox 330 3362 461 3433; x_wconf 85' lang='grc' dir='ltr'><strong><em>τυχόντες</em></strong></span> <span class='ocrx_word' id='word_1_241' title='bbox 482 3363 534 3418; x_wconf 84' lang='lat' dir='ltr'><strong><em>Ac</em></strong></span> <span class='ocrx_word' id='word_1_242' title='bbox 642 3370 676 3418; x_wconf 82' lang='lat'><strong><em>24</em></strong></span> <span class='ocrx_word' id='word_1_243' title='bbox 700 3363 884 3434; x_wconf 85' lang='grc' dir='ltr'><strong><em>άποδρασμδν</em></strong></span> <span class='ocrx_word' id='word_1_244' title='bbox 906 3381 930 3421; x_wconf 87' lang='grc' dir='ltr'><strong><em>ο.</em></strong></span> <span class='ocrx_word' id='word_1_245' title='bbox 951 3365 1114 3422; x_wconf 75' lang='lat' dir='ltr'><strong>dubitanter</strong></span> 
     </span>
     <span class='ocr_line' id='line_1_32' title="bbox 135 3449 242 3502; baseline -0.009 -16"><span class='ocrx_word' id='word_1_246' title='bbox 135 3449 180 3486; x_wconf 84' lang='lat' dir='ltr'><strong><em>ess</em></strong></span> <span class='ocrx_word' id='word_1_247' title='bbox 223 3451 242 3502; x_wconf 79' lang='lat' dir='ltr'>g</span> 
     </span>
    </p>
   </div>
   <div class='ocr_carea' id='block_1_4' title="bbox 0 0 1216 3848">
    <p class='ocr_par' dir='ltr' id='par_1_5' title="bbox 0 0 1216 3848">
     <span class='ocr_line' id='line_1_33' title="bbox 0 0 1216 3848; baseline 0 4"><span class='ocrx_word' id='word_1_248' title='bbox 0 0 1216 3848; x_wconf 95' lang='lat' dir='ltr'><strong><em> </em></strong></span> 
     </span>
    </p>
   </div>
  </div>
 </body>
</html>
