2424 3848
126 208 191 272 298
546 236 583 247 -
613 208 647 298 ,Q
682 237 715 247 —

125 369 235 454 μένων
265 368 435 450 ἁπάντων,
463 368 518 433 καὶ
545 371 589 453 μὴ
618 368 653 434 ἐκ
681 371 868 456 διαδοχῆς,
882 370 965 436 ἀλλὰ
993 384 1140 458 συνεχῶς

17 537 19 543 .
90 458 346 562 ἀταλαιπῶρείν
375 474 663 559 ὑποστησομένων.
714 474 945 561 ἀδημονούσης
975 475 1005 541 δ’
1037 478 1140 563 αὐτῆς

126 580 176 665 ἐπ’
202 580 400 667 ἀμφοτέροις
426 581 556 657 τούτοις
582 579 843 664 συγκαλέσαντες
870 583 905 646 οί
927 584 989 648 δύο
1014 586 1138 669 Φάβιοι

126 692 204 765 τοὺς
231 687 425 772 μετέχοντας
452 696 512 752 τοῦ
540 684 701 770 σφετέρου
729 688 848 770 γένους
874 687 929 753 καὶ
957 693 1140 773 βουλευσά-

98 813 221 878 ιμενοι
245 792 313 878 μετ’
335 794 445 858 αὐτῶν
468 790 652 878 ὑπέσχοντο
671 802 710 878 τῇ
729 797 834 878 βουλῇ
851 804 949 860 τοῦτο
969 796 1006 859 τὸ
1025 798 1140 862 κινδύ-

125 923 230 983 νευμα
254 897 348 964 αὐτοὶ
370 900 445 984 περὶ
467 898 601 963 πάντων
625 896 754 975 ἑκόντες
776 900 972 984 ὑπομενεῖν,
999 904 1141 980 πελάτας
1168 985 1171 990 ,

126 1029 159 1070 τε
183 1008 261 1081 τοὺς
285 1003 411 1070 ἑαυτῶν
435 1003 630 1087 ἐπαγόμενοι
654 1003 709 1069 καὶ
732 1009 852 1088 φίλους
873 1004 1053 1072 καλτέλεσι
1071 1022 1141 1086 τοῖς

127 1113 241 1194 ίδίοις,
264 1111 346 1176 ὅσον
369 1109 411 1175 ἀν
433 1113 557 1195 χρόνον
580 1111 598 1176 δ
621 1113 764 1195 πόλεμος
787 1113 942 1198 διαμένη,
965 1120 1140 1195 στρατευό-

92 1223 229 1303 3μενοι.
276 1214 491 1300 ἀγασθέντων
520 1214 550 1281 δ’
579 1217 700 1294 αὐτοὺς
722 1216 877 1283 ἁπάντων
899 1229 959 1284 τοῦ
981 1225 1140 1303 γενναίου

88 1344 114 1383 10
127 1333 183 1408 τῆς
209 1328 400 1408 προθυμίας
427 1321 482 1387 καὶ
510 1324 546 1388 τὸ
575 1332 672 1387 νικᾶν
695 1321 772 1408 παρ’
799 1324 836 1389 ἓν
857 1334 956 1391 τοῦτο
979 1328 1017 1391 τὸ
1040 1329 1141 1411 ἔργον

126 1429 323 1515 τιθεμένων,
341 1428 467 1494 κλεινοὶ
485 1428 540 1495 καλ
557 1418 749 1513 περιβόητοι
766 1427 843 1494 καθ’
862 1431 944 1515 ὅλην
962 1433 1023 1525 τὴν
1041 1437 1141 1499 πόλιν

128 1541 221 1613 ὄντες
251 1533 388 1622 ἐξῄεσαν
417 1535 640 1620 ἀναλαβόντες
668 1536 708 1600 τά
739 1536 823 1601 ὅπλα
854 1540 918 1602 σὺν
947 1538 1059 1623 εὐχαῖς
1085 1539 1142 1606 καὶ

126 1647 268 1718 θυσίαις.
315 1642 426 1724 ἡγεῖτο
450 1637 480 1706 δ’
504 1642 613 1706 αὐτῶν
636 1642 775 1726 Μάρκος
799 1642 926 1726 Φάβιος
949 1643 967 1709 δ
990 1654 1035 1733 τῶ
1058 1668 1142 1731 παρ-

127 1751 262 1813 ελθόντι
294 1748 480 1823 ὑπατεύσας
507 1750 570 1811 ἔτει
598 1746 652 1812 καλ
682 1750 817 1831 νικήσας
843 1752 921 1825 τοὺς
948 1753 1142 1836 Τυρρηνοὺς

89 1871 114 1910 1⁶
129 1863 167 1939 τῇ
195 1855 297 1939 μάχη,
323 1856 602 1938 τετρακισχιλίους
625 1854 766 1937 μάλιστα
789 1853 1004 1940 ἐπαγόμενος,
1033 1851 1081 1923 ὧν
1104 1861 1142 1924 τὸ

29 1987 34 1995 ·
128 1958 192 2051 μένι
207 1966 335 2029 ,πλείου
364 1964 514 2024 πελατῶν
543 1983 588 2042 τε
606 1958 661 2024 καὶ
692 1957 918 2046 έταίρωνην,
949 1961 984 2027 ἐκ
1015 1961 1052 2027 δὲ
1081 1975 1143 2031 τοῦ

130 2070 268 2151 Φαβίων
297 2063 415 2150 γένους
442 2065 475 2143 ἓξ
502 2064 557 2130 καὶ
584 2069 767 2151 τριακόσιοι
795 2069 922 2153 ἀνδρες.
969 2071 1077 2135 εἵπετο
1106 2068 1209 2137 δ’1ι81

59 2160 61 2164 ’
128 2175 241 2250 αὐτοῖς
259 2169 327 2258 μετ’
345 2173 490 2238 οὐπολὺ
508 2170 563 2237 καλ
582 2158 782 2257 ἡῬυμαίων
801 2175 954 2258 δύναμις,
972 2170 1012 2258 ἧς
1029 2176 1142 2259 ἡγεῖτο

93 2280 267 2345 4Καίσων
292 2280 420 2363 Φάβιος
447 2279 464 2345 ὁ
493 2278 603 2364 ἕτερος
626 2290 694 2344 τῶν
717 2279 859 2344 ὑπάτων.
905 2284 1081 2365 γενόμενοι
1105 2279 1143 2348 δὲ

88 2402 115 2442 2⁰
129 2395 279 2469 ποταμοῦ
303 2384 474 2471 Κρεμέρας
495 2389 649 2471 πλησίον,
674 2386 710 2462 ὃς
733 2386 774 2452 ού
798 2388 927 2471 μακράν
950 2386 1063 2472 ἀπέχει
1086 2400 1145 2473 τῆς

131 2493 345 2558 Οὐιεντανῶν
371 2495 512 2576 πόλεως,
540 2488 623 2576 ὑπέρ
652 2492 759 2578 όχθου
783 2494 873 2568 τινὸς
896 2492 1065 2577 ἀποτόμου
1089 2494 1145 2560 καὶ

129 2605 334 2683 περιρρῶγος
353 2598 550 2684 ἐπετείχιζον
570 2598 681 2675 αὐτοῖς
699 2600 864 2683 φρούριον
884 2600 1000 2665 ἱκανὸν
1019 2602 1145 2685 φυλάτ-

129 2711 247 2770 τεσθαι
277 2707 420 2791 τοσαύτη
451 2714 586 2791 στρατιᾷ
613 2705 759 2790 τάφρους
785 2699 813 2769 τ’
842 2704 1041 2790 ὀρυξάμενοι
1068 2705 1144 2791 περὶ

130 2812 210 2883 αὐτὸ
230 2813 348 2887 διπλᾶς
365 2809 420 2875 καὶ
438 2811 586 2896 πύργους
605 2809 789 2896 ἐγείραντες
807 2812 966 2887 πυκνούς·
985 2809 1040 2876 καλ
1061 2812 1144 2878 ὠνο-

90 2930 117 2969 25
132 2917 245 3002 μάσθη
269 2918 306 2981 τὸ
331 2917 496 3002 φρούριον
516 2913 568 2980 ἐπὶ
586 2926 647 2982 τοῦ
664 2927 813 3001 ποταμοῦ
833 2915 994 3002 Κρεμέρα.
1032 2909 1087 2982 οἷα
1107 2915 1145 2983 δέ

130 3015 342 3110 πολυχειρίας
356 3020 384 3088 τ’
399 3019 616 3109 ἐργαζομένης
629 3021 684 3087 καὶ
699 3022 827 3088 ὑπάτου
841 3023 1144 3108 συλλαμβάνοντος,

94 3113 254 3200 ὑθάττον
284 3129 304 3212 ἦ
333 3131 415 3194 κατά
449 3128 551 3206 δόξαν
578 3126 734 3213 ἐτελέσθη
762 3132 799 3195 τὸ
827 3129 935 3214 ἔργον.
980 3127 1035 3194 καὶ
1064 3132 1145 3214 μεταλ

151 3356 153 3360 >
201 3323 289 3376 δδύο
308 3321 416 3376 adm
503 3318 691 3390 6ὑπομὲνειν
710 3319 761 3374 Ac
848 3327 882 3374 14
900 3317 1012 3389 ἐνίκησε
1031 3321 1055 3376 O
1075 3339 1145 3378 corr.

131 3393 252 3462 Sylburg
334 3398 367 3447 16
387 3387 529 3462 ἕτέρωνΒ
612 3399 644 3446 18
668 3385 701 3457 ἧς
719 3408 765 3445 om
792 3390 839 3444 Ba
919 3398 953 3445 20
972 3391 1145 3463 ΚρεμέραΟ

131 3463 251 3517 correxit
270 3465 370 3517 Portus
443 3468 477 3517 23
496 3463 634 3531 τοσαύτην
653 3460 785 3532 στρατιάν
804 3465 827 3515 Α
1148 3477 1150 3480 ’
