2424 3848
531 210 692 258 ..z..
1099 208 1121 272 5

171 366 229 431 ΙΙΙ.
263 364 335 432 Ἐπὶ
365 376 422 451 τῆς
451 365 625 452 ἑξηκοστῆς
653 365 708 433 καὶ
738 368 891 454 τετάρτης
919 368 1122 452 ὀλυμπιάδος

105 475 265 559 άρχοντος
288 471 449 556 Ἀθηνησι
473 474 663 539 Μιλτιάδου
687 475 807 557 Κύμην
833 476 895 558 την
923 474 959 540 έν
979 470 1122 552 Ὀπικοῖς

101 576 280 662 Ἑλληνίδα
307 583 422 663 πόλιν,
449 580 491 662 ἣν
511 577 685 665 Ἐρετριεῖς
707 603 741 644 τε
763 578 819 645 καὶ
842 582 1016 657 Χαλκιδεῖς
1039 583 1121 645 ἐκτι-

86 707 90 714 ·
107 700 181 768 σαν,
204 688 387 770 Τυρρηνῶν
407 687 441 751 οί
456 684 532 772 περὶ
550 688 609 751 τὸν
620 682 741 751 Ἰόνιον
754 689 879 752 κόλπον
893 697 1122 763 κατοικοῦντες

107 789 238 856 ἐκείθέν
260 788 297 857 θ’
322 791 388 856 ὐπὸ
411 801 478 855 τῶν
501 793 637 855 Κελτῶν
661 789 891 869 ἐξελασθέντες
914 795 977 858 σὺν
999 795 1121 881 χρόνῳ,
1149 813 1163 854 ο

107 894 162 961 καὶ
190 899 254 961 σὺν
282 895 394 972 αὐτοῖς
413 893 586 982 Ὀμβρικοί
610 919 644 961 τε
672 894 727 962 καὶ
749 898 894 962 Δαύνιοι
922 895 977 963 καὶ
1004 895 1123 983 συχνοί

38 1014 173 1072 131ττῶν
205 1004 317 1068 ἄλλων
345 1002 525 1088 βαρβάρων
554 1001 769 1088 ἐπεχείρησαν
800 1003 932 1069 άνελείν
962 1004 1122 1088 οὐδεμίαν

108 1112 237 1195 ἔχοντες
270 1103 374 1174 εἰπεῖν
406 1112 575 1194 πρόφασιν
605 1119 664 1174 τοῦ
692 1112 810 1192 μίσους
838 1110 971 1174 δικαίαν
999 1111 1049 1175 ὅτι
1076 1111 1121 1193 μη

107 1216 169 1299 τὴν
192 1214 409 1299 εὐδαιμονίαν
432 1224 488 1298 τῆς
510 1218 644 1291 πόλεως.
682 1210 724 1298 ἦν
747 1215 810 1300 γάρ
830 1216 929 1299 Κύμη
952 1213 1020 1280 κατ’
1040 1215 1158 1284 ἐκεί-2

107 1345 189 1396 νους
215 1322 293 1396 τοὺς
320 1323 463 1405 χρόνους
489 1323 685 1406 περιβόητος
710 1318 774 1384 άνδι
796 1320 857 1403 την
878 1317 1017 1385 Ἰταλίαν
1040 1320 1121 1404 ὅλην
1137 1343 1163 1382 ιο

107 1427 255 1492 πλούτου
273 1449 307 1491 τε
326 1425 381 1490 καὶ
401 1426 573 1511 δυνάμεως
591 1426 686 1491 ἕνεκα
704 1423 760 1492 καὶ
778 1436 845 1492 τῶν
859 1428 970 1491 άλλων
984 1425 1122 1509 ἀγαθῶν

107 1541 172 1615 νην
199 1555 234 1597 τε
261 1531 442 1618 κατέχουσα
469 1543 526 1618 της
549 1535 742 1617 Καμπανῶν
763 1532 920 1609 πεδιάδος
936 1535 1003 1618 ’τὴν
1025 1538 1123 1599 πολυ-

107 1638 317 1723 καρποτάτην
345 1636 399 1703 καὶ
422 1635 566 1722 λιμένων
588 1647 754 1723 κρατοῦσα
777 1648 844 1703 τῶν
866 1637 942 1724 περὶ
963 1642 1122 1723 Μισηνὸν

108 1744 375 1831 ἐπικαιροτάτων.
420 1744 551 1818 τούτοις
574 1742 869 1826 ἐπιβουλεύσαντες
890 1756 960 1822 τοῖς
983 1744 1123 1828 άναθοίς

108 1853 145 1917 οί
170 1850 333 1937 βάρβαροι
362 1851 598 1936 στρατεύουσιν
627 1846 676 1914 ἐπ’
704 1849 824 1934 αὐτην,
856 1849 947 1929 πεζοὶ
974 1848 1035 1935 μὲν
1063 1852 1124 1917 οὐκ
1137 1870 1186 1912 ιτι

109 1957 266 2032 ἐλάττους
287 1957 490 2038 πεντήκοντα
513 1955 698 2042 μυριάδων,
722 1957 829 2033 ίππεϊς
852 1953 888 2022 δὲ
908 1959 1001 2022 δυεῖν
1020 1957 1125 2041 χιλιά-

110 2065 182 2128 δων
205 2060 402 2138 ἀποδέοντες
425 2056 510 2126 εἶναι
534 2062 711 2146 δισμύριοι.
753 2061 1067 2149 ἐστρατοπεδευκόσι
1089 2060 1119 2127 δ’

110 2169 223 2245 αὐτοῖς
246 2168 287 2234 οὐ
310 2169 439 2253 μακράν
463 2166 527 2232 άπὸ
550 2176 607 2251 τῆς
628 2171 756 2244 πόλεως
777 2167 873 2254 τέρας
895 2173 1021 2252 γίνεται
1039 2176 1124 2235 θαυ-

110 2265 345 2360 μαστόν,ὀῖον
369 2273 405 2338 ἐν
424 2271 539 2338 οὐδενὶ
556 2277 665 2362 χρόνω
685 2275 925 2363 μνημονεύεται
944 2279 1124 2360 γενόμενον

113 2378 190 2447 οὐθ’
207 2379 365 2456 Ἑλλάδος
388 2381 463 2444 οὐτε
486 2379 656 2469 βαρβάρου
676 2390 735 2463 γης
754 2380 930 2465 οὐδαμόθι.
967 2383 1003 2447 οί
1018 2383 1123 2467 <νάρ>
1139 2421 1165 2460 20

112 2488 200 2573 παρά
231 2487 271 2552 τά
301 2486 505 2572 στρατόπεδα
536 2483 666 2572 ῥέοντες
694 2471 803 2551 αὐτῶν
830 2491 986 2572 ποταμοί,
1020 2489 1125 2553 Οὐολ-

112 2603 252 2678 τοῦρνος
275 2593 381 2676 ὐνομα
407 2590 555 2680 θατέρῳ,
580 2601 625 2679 τῶ
651 2590 682 2656 δ’
708 2590 807 2681 ἑτέρω
831 2594 964 2677 Γλάνις,
988 2593 1126 2679 άφέντες

112 2700 171 2775 τάς
187 2699 269 2764 κατά
287 2699 391 2782 φύσιν
411 2698 511 2773 ὁδοὺς
529 2695 735 2784 ἀνέστρεψαν
753 2699 793 2763 τά
811 2700 940 2785 νάματα
958 2698 1012 2764 καὶ
1031 2698 1126 2784 μέχρι

1139 2345 1159 2408 3

184 2966 201 3013 4
222 2964 373 3030 Τυρρηνῶν
392 2958 424 3015 δὲ
444 2959 473 3014 οὐ
489 2959 540 3014 Ac
562 2963 592 3014 T.
610 2906 714 3014 08de
733 2958 776 3029 (δὲ
800 2977 884 3029 supra
906 2959 925 3015 l.
945 2975 996 3013 sor.
1016 2957 1072 3025 Ba)
1093 2963 1124 3014 T.

113 3050 143 3086 τε
157 3028 186 3086 ot
202 3048 225 3086 c.
241 3031 362 3101 Sylburg
416 3035 432 3084 5
452 3027 565 3086 ἐκεῖθεν
583 3031 638 3086 ὐπδ
653 3031 725 3086 Aac
745 3027 858 3084 ἐκεῖθεν
873 3029 904 3084 δέ
923 3046 946 3085 c.
962 3029 1127 3085 dubitanter

112 3101 256 3172 Kiessling
272 3108 275 3170 Ι
292 3098 393 3168 *έξελα
405 3100 521 3165 ,θέντες
538 3102 584 3155 Ba
603 3098 784 3167 ἐξελαθέντες
801 3100 827 3153 R
881 3106 897 3155 8
916 3100 1006 3156 εἰπεῖν
1019 3121 1042 3155 τ.
1058 3121 1084 3170 μ.
1100 3104 1125 3155 δ.

113 3172 257 3242 πρόφασιν
277 3172 299 3226 Ο
318 3175 430 3242 praeter
448 3173 470 3224 B
525 3178 541 3225 9
560 3172 577 3241 ἡ
596 3172 678 3262 Κύμη
698 3172 721 3226 0
740 3175 853 3241 praeter
872 3173 893 3224 B
949 3178 982 3226 10
1000 3171 1057 3226 ἀνά
1074 3171 1126 3240 τὴν

114 3242 180 3312 ὐλην
198 3242 226 3297 Ἰ.
254 3242 453 3313 OpraeterB
514 3250 546 3297 11
573 3245 718 3312 δοναμεως
741 3243 789 3296 καί
811 3261 834 3295 τ.
857 3243 883 3298 ἀ.
905 3243 931 3297 ἐι.
954 3241 1080 3315 έν<ε>κα
1106 3244 1126 3294 Β

114 3320 148 3369 13
166 3319 311 3369 Μεισινῶν
324 3319 350 3366 Α
368 3314 533 3388 Μίσ<ι>νον
547 3313 594 3366 Bb
651 3319 683 3366 18
702 3312 759 3366 ἀπὸ
779 3312 832 3366 del.
848 3312 937 3369 Cobet
951 3312 1017 3367 obs.
1032 3329 1058 3380 p.
1074 3317 1125 3364 135

114 3386 162 3440 sed
186 3386 220 3440 of.
239 3384 329 3438 Krebs
352 3385 483 3454 Praepos.
507 3385 520 3438 Ι
543 3402 570 3453 p.
590 3389 625 3437 40
654 3387 658 3447 Ι
687 3383 854 3454 θαυμαστὸν
878 3383 933 3438 del.
958 3382 1047 3438 Cobet
1068 3381 1125 3436 ].1.

113 3462 148 3511 20
169 3456 223 3528 ηδιρ
243 3455 307 3511 add.
326 3455 429 3510 Reiske
