2378 3840
92 161 159 227 384
513 162 612 215 -Θ
651 192 683 203 -

93 325 198 391 αὐτοῦ
220 326 281 408 τὴν
304 321 500 408 ἐπιγραφήν.
537 322 619 388 ἀλλο
643 319 672 388 δ’
694 318 795 388 οὐδέν
814 318 868 387 έπὶ
886 332 956 388 τῶν
974 321 1097 388 ὑπάτων

93 431 222 496 τούτων
244 432 347 514 λόγου
371 428 467 508 ἀξιον
490 426 651 515 ἐπράχθη.

159 533 243 599 LXL
277 532 350 600 Ἐπὶ
378 531 416 601 δὲ
443 544 500 620 τῆς
522 533 638 619 ἐνάτης
659 531 714 600 καὶ
738 531 987 619 ἑβδομηκοστῆς
1010 535 1099 618 όλνμ·

94 641 229 726 πιάδος,
256 640 300 726 ἣν
323 639 416 708 ένίκα
439 641 600 727 Ξενοφῶν
623 643 808 727 Κορίνθιος
831 641 994 727 ἀρχοντος
1012 638 1100 722 Ἀθη-

69 765 194 832 ενησιν
226 744 483 835 Ἀρχεδημίδου,
518 747 816 835 παραλαμβάνουσι
853 749 915 832 τὴν
952 747 1100 814 ὑπατείαν

100 856 197 932 Τῖτος
220 857 376 932 Κοίντιος
398 857 630 932 Καπιτωλῖνος
652 851 707 920 καὶ
730 855 873 930 Κόιντος
897 853 1027 938 Φάβιος
1046 850 1134 918 Οδίιι

97 964 287 1045 ιβουλανός·
311 964 467 1038 Κοίντιος
488 956 550 1045 μὲν
568 955 606 1026 τὸ
624 963 737 1046 τρίτου
755 956 808 1025 έπί
826 961 888 1043 την
907 958 1015 1046 ἀρχὴν
1033 958 1103 1025 ἀπο-

97 1065 243 1154 δειχθεὶς
265 1068 329 1133 ὑπὸ
352 1075 413 1133 τοῦ
436 1067 555 1151 δήμου,
580 1066 706 1150 Φάβιος
729 1061 766 1130 δὲ
787 1068 826 1131 τὸ
849 1065 1018 1151 δεύτερον.
1061 1055 1104 1142 οἷς
1145 1110 1148 1124 .

96 1174 117 1257 ἡ
151 1175 256 1259 βουλὴ
289 1170 487 1260 ἀμφοτέροις
520 1172 673 1257 στρατιάς
703 1171 847 1256 μεγάλας
877 1168 932 1237 καὶ
962 1167 1002 1237 εὖ
1031 1193 1104 1256 παρ-

59 1266 339 1382 ,2οεσκευασμέυας
361 1280 557 1366 παραδοῦσα
580 1274 748 1362 ἐξέπεμψε.
785 1280 942 1355 Κοίντιος
964 1274 1027 1363 μὲν
1050 1272 1105 1345 οὖν

98 1385 221 1473 ἐτάχθη
249 1386 428 1472 φυλάττειν
455 1387 516 1470 τὴν
545 1382 706 1472 σφετέραν
734 1392 814 1469 γῆν,
841 1383 902 1468 ὅση
925 1395 996 1462 τοῖς
1017 1389 1105 1450 πολε-

98 1494 187 1577 μίοις
210 1492 332 1577 ὅμορος
352 1488 407 1577 ην,
432 1493 559 1576 Φάβιος
582 1488 620 1557 δὲ
643 1493 703 1575 την
727 1493 884 1557 Αἰκανῶν
908 1491 1028 1576 δηοῦν·
1057 1488 1106 1556 καί

98 1598 342 1682 καταλαμβάνει
368 1600 446 1675 τοὺς
469 1600 638 1675 Αἰκανοὺς
666 1594 718 1663 ἐπὶ
745 1608 814 1674 τοῖς
839 1600 1012 1682 μεθορίοις
1034 1598 1107 1664 ὑπο-

99 1700 259 1786 μένοντας
286 1702 388 1789 αὐτὸν
416 1705 480 1767 σὺν
509 1704 650 1788 δυνάμει
676 1709 792 1789 πολλῇ.
837 1699 891 1767 καί
919 1701 1034 1788 ἐπειδὴ
1057 1704 1108 1780 τάς

60 1833 85 1874 ιε
99 1806 307 1892 παρεμβολὰς
335 1806 371 1873 έν
393 1817 463 1882 τοῖς
485 1810 672 1893 κρατίστοις
696 1806 842 1896 ἑκάτεροι
865 1812 1000 1895 χωρίοις
1023 1831 1110 1875 κατε·

100 1914 273 1996 στήσαντο,
290 1908 460 2000 προῄεσαν
478 1914 525 1990 εἰς
541 1915 580 1978 τὸ
599 1915 716 1980 πεδίον
736 1918 892 1981 Αἰκανῶν
910 1920 1110 2000 προκαλεσα-

100 2018 209 2106 μένων
227 2017 282 2085 καί
301 2018 471 2105 ἀρξάντων
489 2027 546 2103 τῆς
564 2021 680 2105 μάχης,
697 2019 754 2086 καὶ
773 2018 942 2105 διέμειναν
958 2018 1011 2086 ε’πὶ
1028 2023 1109 2089 πολὺ

99 2136 157 2212 τῆς
179 2125 301 2214 ἡμέρας
324 2125 477 2210 ἐκδάμως
499 2124 555 2191 καί
577 2129 768 2212 φιλοπόνως
788 2126 1038 2212 ἀγωνιζόμενοι,
1060 2125 1111 2194 καὶ

100 2237 138 2300 τὸ
165 2243 262 2300 νικᾶν
291 2232 331 2300 οὐ
358 2230 435 2319 παρ’
461 2234 564 2298 ἀλλον
591 2234 665 2299 τινδι
690 2231 710 2316 ἦ
733 2229 809 2320 παρ’
838 2230 957 2299 ἑαυτὸν
981 2231 1112 2309 ἕκαστος

62 2326 283 2440 ἐπιθέμενος.
329 2341 373 2419 ὡς
404 2336 440 2406 δὲ
469 2341 509 2405 τά
539 2339 616 2424 ξίφη
647 2350 715 2417 τοῖς
742 2343 892 2406 πλείοσιν
920 2340 1032 2405 αὐτῶν
1061 2339 1112 2404 διδ

101 2446 160 2524 τάς
191 2457 342 2531 συνεχεῖς
371 2447 499 2530 πληγάς
526 2446 671 2531 ἀχρηστα
699 2443 862 2530 ε’γεγόνει,
895 2445 1112 2531 σημηνάντων

102 2554 139 2618 τὸ
168 2552 388 2637 ἀνακλητικὸν
415 2563 483 2618 τῶν
505 2552 680 2638 ἡγεμόνων
703 2551 857 2637 ἀπῆλθον
881 2550 935 2618 ἐπὶ
957 2556 1038 2630 τοὺς
1060 2553 1113 2639 χά-

102 2683 211 2743 ρακας.
256 2655 312 2724 καί
339 2660 431 2754 μετὰ.
445 2667 544 2740 τοῦτο
572 2661 609 2726 τὸ
633 2661 732 2745 ἔργον
755 2657 846 2743 ἀγὼν
869 2655 930 2742 μὲν
954 2657 990 2724 ἐκ
1012 2670 1148 2747 παρα-191

101 2764 222 2843 τάξεως
249 2760 355 2830 οὐκέτ’
383 2764 494 2831 αὐτῶν
521 2762 667 2850 ἐγένετο,
699 2761 936 2852 ἀκροβολισμοὶ
964 2763 1006 2830 δέ
1030 2790 1115 2843 τινες

65 2894 90 2935 ευ
104 2867 159 2936 καί
190 2869 376 2955 συμπλοκαὶ
404 2875 513 2950 ψιλῶν
542 2873 622 2957 περί
647 2894 682 2936 τε
711 2871 812 2936 ὕδασι
841 2869 897 2935 καὶ
926 2869 963 2936 έν
993 2869 1116 2957 ἀγορᾶς

102 2988 337 3064 παραπομπαῖς
365 2987 524 3064 συνεχεῖς·
556 2975 620 3043 κάν
646 2977 776 3055 τούτοις
803 2973 916 3061 μέντοι
943 2978 983 3041 τά
1010 2978 1116 3044 πολλὰ

66 3078 188 3167 4ἦσαν
212 3086 394 3171 ἰσόρροποι.
441 3083 477 3149 ἐν
500 3076 526 3173 ᾧ
551 3080 588 3149 δέ
610 3080 700 3150 ταῦτ’
723 3082 848 3167 ἐγίνετο
871 3085 993 3172 χρόνῳ,
1016 3084 1116 3171 μοῖρά

175 3281 190 3329 3
214 3275 386 3347 ὀλυμπιάδος
404 3292 457 3332 om.
477 3274 523 3330 Ba
614 3283 629 3332 6
653 3275 778 3351 βωλανδς
796 3272 900 3342 ACmg
918 3271 1049 3336 ἰουλανδς
1067 3273 1115 3328 Bc

103 3359 173 3398 corr.
194 3345 315 3415 Sylburg
392 3351 425 3400 12
450 3348 538 3418 δχοῶν
556 3347 767 3430 καταλαμβάνει
783 3343 857 3400 τεΑ
936 3351 970 3399 14
993 3344 1043 3398 καλ
1062 3362 1116 3401 om.

103 3410 149 3465 Ba
222 3422 254 3470 17
279 3417 328 3470 καί
346 3419 412 3471 ante
430 3418 576 3487 διέμειναν
595 3418 703 3475 delent
721 3416 842 3488 Sylburg
912 3419 949 3471 22
968 3413 1001 3471 τό
1020 3416 1116 3474 om.B

806 3498 1029 3600 m
