2424 3848
496 212 530 228 ‘-
567 191 595 240 Η
632 220 663 228 -
1022 189 1086 254 153

74 346 161 427 τινὲς
190 349 312 415 αὐτόθι
338 346 492 435 καρτεραὶ
518 346 574 416 καὶ
600 352 664 436 πρὸ
691 361 759 416 τών
786 349 960 436 ἐρυμάτων
983 350 1087 431 ὀξείαι

73 457 187 543 μάχαι·
220 456 262 521 οὐ
293 457 360 542 μὴν
392 453 477 521 ἑάλω
509 479 546 539 γε
577 459 615 523 τὸ
647 468 754 542 τεῖχος
785 457 849 524 ἀπὸ
880 458 1021 544 κράτους
1048 467 1087 544 τῇ

33 565 41 575 ’
72 565 186 650 πρώτη
209 561 337 653 έφύδφ,
363 558 435 627 ἀλλ’
463 560 570 628 έδόκει
598 565 722 648 χρόνου
745 565 817 630 δεῖν
842 564 875 648 [ἡ
898 567 1086 650 πολιορκία]

71 669 126 736 καὶ
154 673 280 756 τριβῆς.
325 668 469 746 ἀποστάς
494 663 558 735 οὖν
585 677 642 753 τῆς
670 674 863 756 πολιορκίας
889 671 907 737 ὁ
935 671 1089 757 Μάρκιος

71 776 310 862 περιετάφρευε
337 777 448 864 κύκλφ
475 775 537 859 τὴν
564 779 663 842 πόλιν
690 774 747 842 καὶ
778 776 1001 863 ἀπεσταύρου,
1029 779 1088 855 τάς
1114 794 1128 836 ⁵

72 882 176 959 δδοὺς
202 882 394 966 φυλάττων,
421 882 478 946 ἵνα
504 878 577 966 μήτ’
605 881 710 968 ἀχορά
737 879 811 967 μήτ’
839 883 1012 967 ἐπικουρία
1038 907 1089 962 τις

22 988 190 1065 Βοεαύτοϊς
207 987 332 1066 ἔξωθεν
349 984 577 1072 προσγένοιτο.
607 985 761 1072 Ῥωμαῖοι
781 985 819 1054 δὲ
837 1000 903 1055 τών
921 1014 956 1055 τε
974 993 1124 1078 κεκρα-3

72 1091 227 1179 τημένων
253 1094 318 1177 ἤδη
346 1095 477 1159 πόλεων
494 1094 554 1158 τὸν
577 1094 722 1179 ὄλεθρον
745 1093 922 1172 ἀκούοντες
944 1095 999 1161 καὶ
1023 1108 1090 1163 τῶν

74 1197 317 1287 προσθεμένων
339 1206 384 1286 τῷ
408 1202 552 1287 Μαρκίῳ
575 1201 636 1284 τὴν
659 1199 818 1285 ἀνάγκην,
840 1211 912 1278 ταίς
934 1225 968 1267 τε
990 1221 1089 1288 πρεσ-

74 1310 182 1393 βείαις
195 1304 429 1390 ἐνοχλούμενοι
446 1316 518 1382 ταῖς
535 1303 795 1390 ἀφικνουμέναις
813 1306 857 1384 ὡς
875 1307 996 1385 αύτούς
1014 1308 1090 1392 ὁση-
1104 1328 1131 1368 ιο

74 1410 173 1500 με’ραι
199 1411 288 1498 παρά
317 1420 384 1476 τῶν
406 1422 581 1495 μενουσῶν
604 1410 641 1477 έν
664 1421 703 1497 τῇ
726 1414 821 1500 φιλίᾳ
843 1411 899 1478 καί
922 1411 1090 1498 δεομένων

74 1521 251 1606 βοηθείας,
277 1526 338 1583 τοῦ
365 1539 399 1582 τε
421 1519 609 1584 Λαουινίου
637 1520 695 1584 τὸν
718 1522 963 1604 περιτειχισμὸν
986 1520 1091 1607 ὀρρω-
1127 1607 1129 1612 Ι

75 1628 215 1702 δοῦντες
233 1621 270 1688 έν
286 1619 401 1708 χερσὶν
420 1623 512 1707 ὄντα,
533 1621 589 1688 καί
607 1625 639 1688 εί
659 1624 736 1689 τόδε
759 1626 796 1690 τὸ
819 1625 984 1713 φρούριον
1007 1624 1091 1692 ἀλώ-

76 1749 169 1798 σεται
200 1731 260 1796 ’τὸν
291 1731 437 1813 πόλεμον
469 1727 523 1794 έπλ
556 1739 643 1814 σφᾶς
673 1728 764 1814 ἥξειν
796 1730 901 1807 εὐθὺς
933 1733 1091 1817 οἰόμενοι,

76 1843 156 1924 μίαν
183 1835 352 1920 ὑπέλαβον
379 1837 516 1900 ἔσεσθαι
542 1836 677 1901 πάντων
704 1848 772 1914 τῶν
794 1848 905 1903 κακῶν
928 1840 1038 1924 λύσιν,
1060 1842 1093 1904 εί
1106 1856 1132 1898 1⁵

75 1946 280 2030 ψηφίσαιντο
302 1949 348 2028 τῷ
366 1944 510 2030 Μαρκίφ
532 1943 594 2026 τὴν
616 1942 776 2009 κάθοδον.
820 1941 876 2009 καὶ
897 1944 969 2010 ὅτε
988 1947 1128 2030 δῆμος4

77 2051 163 2127 ἀπας
189 2047 271 2132 ἐβόα
297 2057 411 2131 τοῦτο,
442 2045 498 2112 καὶ
530 2048 566 2113 οί
596 2050 759 2136 δήμαρχοι
789 2053 895 2134 νόμον
925 2051 1092 2137 εἰσφέρειν

76 2154 161 2243 ὑπὲρ
194 2153 391 2239 ἀκυρώσεως
420 2161 479 2237 τῆς
514 2155 691 2237 καταδίκης
727 2154 919 2240 ἐβούλοντο·
953 2154 1024 2222 ἀλλ’
1060 2158 1096 2223 οί

77 2264 245 2349 πατρίκιοι
262 2260 520 2344 ἠναντιώθησαν
534 2260 646 2338 αὐτοῖς
665 2260 725 2326 ούκ
739 2260 908 2340 ἀξιοῦντες
921 2274 988 2329 τῶν
1005 2264 1094 2329 δεδι-

76 2365 254 2454 καομένων
276 2365 371 2431 λύειν
394 2364 509 2431 οὐθέν.
553 2366 598 2451 μὴ
624 2364 805 2450 γενομένου
829 2363 866 2432 δὲ
889 2372 1092 2456 προβουλεύ-
1107 2390 1134 2430 ω

78 2498 180 2560 ματος
206 2471 272 2539 ὑπὸ
299 2481 357 2556 τῆς
383 2476 507 2557 βουλῆς
533 2468 613 2538 οὐδὲ
639 2482 709 2550 τοῖς
736 2473 917 2559 δημάρχοις
943 2478 991 2541 ἔτι
1013 2498 1093 2563 προ-

78 2588 191 2648 θεῖναι
209 2579 346 2664 γνώμην
364 2580 411 2655 είς
428 2580 487 2644 τὸν
506 2579 613 2663 δῆμον
632 2577 749 2644 έδόκει.
795 2578 813 2644 ὃ
836 2577 892 2644 καὶ
910 2582 1093 2666 θαυμάζειν
1108 2585 1129 2650 5

22 2688 186 2771 ιλεεάξιον,
208 2683 264 2771 ἀφ’
288 2679 328 2769 ἧς
345 2685 466 2768 δήποτε
486 2686 593 2762 αίτίας
614 2685 635 2768 ἡ
659 2685 765 2768 βουλὴ
784 2687 1016 2770 σπουδάζουσα
1034 2691 1093 2755 τὸν

79 2796 272 2879 ἔμπροσθεν
293 2793 417 2877 χρόνον
440 2786 524 2876 ὑπὲρ
546 2801 607 2857 τοῦ
624 2794 782 2877 Μαρκίου
805 2792 877 2856 τότε
900 2791 1093 2885 βουλομένῳ
1139 2847 1140 2851 ,

152 3025 169 3072 θ
189 3017 246 3072 ἀπὸ
265 3017 385 3088 κράτους
402 3017 455 3072 ΑΒ
474 3016 546 3073 κατὰ
564 3017 666 3088 κράτος
683 3019 709 3072 R
765 3025 781 3074 3
800 3019 892 3074 *δεῖν
910 3019 927 3088 ἡ
946 3020 1094 3092 πολιορκία

80 3091 105 3146 Ο
124 3091 187 3145 δεῖν
205 3095 240 3160 τῇ
257 3085 407 3164 πολιορκίᾳ
425 3105 448 3144 ο.
467 3088 579 3157 Βείελῐθ,
598 3088 616 3158 ἡ
634 3108 664 3145 π.
684 3088 776 3143 delevi
829 3096 847 3145 4
866 3098 914 3160 τῆς
932 3093 1095 3161 πολιορκίας

80 3162 104 3217 0
132 3168 183 3230 τῆς
208 3161 387 3231 τειχομαχίας
413 3159 492 3230 Amg
513 3159 657 3229 Kiessling
683 3159 792 3230 recepit
917 3162 1043 3217 ’λαύτῶν
1071 3164 1094 3219 O

79 3233 180 3294 αύτοίς
198 3230 300 3302 Sylbur
402 3236 418 3285 8
436 3239 491 3286 τῶν
510 3231 588 3286 ούπω
606 3228 849 3301 προστεθειμένων
868 3249 891 3290 ο.
908 3232 1009 3288 Garrer
1027 3233 1093 3291 obs.

102 3309 159 3360 ,68
234 3308 267 3358 18
285 3249 350 3358 τώδε
369 3302 464 3358 om‚B
493 3305 498 3371 Ι
528 3301 665 3371 φούριον
684 3303 707 3358 Ο
726 3304 829 3384 χωρίον
848 3320 871 3358 ο.
891 3303 1014 3359 Sintenis
1032 3305 1093 3360 Em.

106 3374 163 3430 ion
182 3373 272 3429 11115
345 3379 379 3429 15
398 3323 569 3429 άπάντωνδ
588 3389 658 3428 corr.
675 3372 819 3519 Kiesshng
890 3381 924 3431 17
943 3383 1024 3431 τοῦτο
1039 3394 1093 3433 om.

80 3445 105 3502 Ο
123 3447 239 3517 praeter
256 3446 279 3499 B
351 3451 384 3500 21
404 3446 575 3514 προσθεῖναι
592 3443 670 3499 ΑΒω
687 3464 741 3515 προ
753 3448 793 3500 ,θ
816 3445 913 3520 εί>ναι
931 3446 977 3501 Bb
