2424 3848
146 171 210 237 336
568 172 734 225 -Θ-

109 336 314 417 2πολεμίοις
342 330 594 419 συμφέρεσθαι.Ι
625 335 749 416 γίνεται
778 334 819 417 δη
846 334 926 417 μετά
947 343 1047 400 τοῦτο
1070 335 1162 422 πάση

143 442 317 526 προθυμίᾳ
339 449 406 503 τῶν
429 442 611 544 Τυρρηνῶν
634 436 886 522 ἀγωνιζομένων
909 441 972 523 πρὸ
996 447 1055 522 τῆς
1077 461 1162 526 παρ·-

51 566 52 570 ’
144 549 287 629 εμβολῆς
306 544 395 624 ὀξεῖα
413 545 498 629 μάχη
517 543 573 610 καί
591 547 696 629 φόνος
713 543 910 629 ἀμφοτέρων
927 546 1044 629 πολύς,
1069 549 1162 634 ίσόρ-

144 655 247 732 ροπός
264 674 298 716 τε
317 649 373 716 καὶ
391 648 486 735 μέχρι
500 655 627 716 πολλοῦ
640 649 904 734 ταλαντευομένη
918 652 997 736 τῇδε
1010 650 1067 717 καὶ
1080 654 1161 736 τῇδε

119 757 166 840 εὴ
181 758 288 842 κρίσις
305 766 366 821 τοῦ
380 754 537 841 πολέμου.
561 753 658 822 ἔπειτ’
677 755 837 822 ἐνέδοσαν
856 759 892 823 oc
907 755 1075 842 Τυρρηνοὶ
1093 758 1160 824 ὑπὸ

144 870 202 944 τῆς
213 859 394 947 Ῥωμαικῆς
407 860 607 940 ἐξωσθέντες
621 863 724 928 ἵππον
738 860 792 927 καὶ
806 862 1024 951 ἀπεχώρησαν
1038 865 1087 940 είς
1100 866 1160 930 τὸν

144 968 286 1054 χάρακα,
316 961 389 1036 ὁδ’
416 969 539 1045 ύπατος
565 968 764 1052 ἠκολούθει,
792 966 847 1033 καὶ
875 968 988 1053 ἐπειδὴ
1016 974 1161 1054 πλησίον

145 1071 275 1157 ἐγένετο
290 1086 358 1139 τῶν
372 1074 545 1159 ἐρυμάτων
561 1111 598 1120 -
616 1070 659 1158 ἦν
673 1070 710 1139 δέ
724 1074 860 1159 φαύλως
873 1061 1161 1161 κατεσκευασμένα

144 1177 198 1245 καὶ
217 1183 255 1246 τὸ
273 1183 407 1266 χωρίον,
431 1181 541 1265 ὥσπερ
559 1182 656 1265 ἔφην,
675 1179 716 1245 οὐ
733 1179 822 1245 πάνυ
841 1178 986 1264 ἀσφαλές
1002 1219 1041 1229 -
1057 1199 1160 1268 προσ-

105 1305 131 1345 ιο
145 1284 241 1369 έβαλε
259 1286 341 1352 κατὰ
358 1287 465 1351 πολλὰ
483 1283 564 1370 μέρη
583 1288 621 1350 τό
639 1307 674 1350 τε
693 1287 811 1351 λοιπὸν
825 1283 952 1368 ἐκείνης
963 1295 1023 1370 της
1035 1287 1204 1375 ἡμέραςεει

144 1391 245 1477 μέρος
277 1391 548 1478 ἐπιταλαιπωρῶν
579 1388 636 1456 καὶ
665 1388 745 1456 οὐδὲ
773 1392 835 1475 την
865 1391 1024 1458 ἐπιοῦσαν
1054 1395 1160 1461 νύκτα

109 1497 429 1581 δάναπαυσάμενος.
476 1498 511 1562 ot
537 1493 575 1561 δὲ
602 1495 768 1583 Τυρρηνοὶ
791 1506 863 1573 ταῖς
881 1495 1040 1581 συνεχέσι
1062 1523 1160 1566 κακο-

145 1606 301 1679 παθείαις
323 1601 535 1687 ἀπειρηκότες
557 1601 746 1668 ἐκλείπουσι
768 1603 827 1667 τὸν
850 1601 977 1688 χάρακα
999 1602 1076 1688 περὶ
1099 1607 1160 1671 τὸν

136 1709 273 1793 ’όρθρον
303 1710 358 1772 καί
386 1709 421 1773 oc
445 1704 506 1792 μὲν
533 1709 581 1785 είς
608 1708 670 1791 την
696 1711 796 1773 πόλιν
824 1711 965 1793 ἐφνγον,
993 1711 1030 1774 oc
1054 1708 1085 1775 6’
1114 1714 1159 1789 είς

104 1832 131 1873 15
144 1815 203 1889 τάς
233 1817 376 1898 πλησίον
407 1814 489 1891 ύλας
518 1812 776 1898 ἐσκεδάσθησαν.
827 1817 1006 1898 γενόμενος
1037 1813 1075 1881 δὲ
1105 1817 1161 1884 ml

143 1921 264 1985 τούτου
287 1929 347 1985 τοῦ
370 1921 512 2005 χάρακος
535 1919 692 2007 ἐγκρατὴς
714 1918 845 2003 ἐκείνην
865 1915 930 2005 μὲν
951 1922 1013 2005 την
1031 1921 1158 2008 ἡμέραν

144 2025 310 2092 ἀνέπαυσε
332 2026 394 2109 τὴν
417 2027 584 2112 στρατιάν,
607 2034 657 2111 τηε
670 2022 701 2090 δ’
724 2023 797 2109 ἑξῆς
816 2026 856 2091 τά
873 2049 908 2091 τε
926 2027 1073 2120 λάφυρα,
1098 2030 1159 2096 ὅσα

144 2131 177 2211 ἐξ
201 2130 397 2217 ἀμφοτέρων
420 2134 549 2217 είληφει
568 2143 638 2198 τῶν
661 2130 903 2218 στρατοπέδων,
927 2131 1071 2218 διένειμε
1090 2148 1160 2215 τοῖς

144 2237 405 2322 ἀγωνισαμένοις
426 2240 534 2304 πολλά
557 2240 648 2322 όντα,
670 2240 726 2303 καί
748 2241 826 2315 τοὺς
844 2237 1104 2323 ἀριστεύσαντας
1123 2242 1160 2308 ἐν

103 2326 215 2438 2’έὸταῖς
242 2345 360 2430 μάχαις
386 2356 455 2422 τοῖς
482 2347 642 2410 εἰωθόσιν
670 2342 801 2427 ἐκόσμει
824 2344 1011 2429 στεφάνοις.
1055 2343 1101 2431 ἦν
1125 2346 1155 2413 δ’

144 2451 162 2516 6
185 2450 342 2535 κράτιστα
360 2450 494 2515 πάντων
513 2448 744 2533 ἀγωνίσασθαι
764 2449 862 2528 δόξας
879 2447 935 2514 καὶ
952 2453 1160 2537 τρεψάμενος

34 2618 36 2623 .
143 2557 205 2640 την
237 2555 450 2621 Οὐιεντανῶν
483 2556 627 2639 δύναμιν
656 2559 853 2640 Σερουίλιος
883 2556 901 2622 6
930 2565 977 2643 τῷ
1007 2560 1158 2648 προτέρφ

143 2662 329 2738 ὑπατεύσας
356 2664 421 2727 ἐτει
448 2660 503 2727 καί
529 2662 590 2745 την
616 2659 669 2726 ἐπὶ
691 2668 752 2727 τοῦ
775 2663 884 2746 δήμου
907 2663 1004 2747 δίκην
1028 2664 1159 2751 ἀποφυ-

143 2770 225 2851 γών,
247 2769 449 2855 πρεσβευτὴς
470 2760 553 2833 τότε
566 2776 613 2855 τῷ
638 2766 809 2856 Οὐαλερίῳ
833 2772 1081 2854 συμπεμφθείς,
1104 2770 1159 2837 καὶ

103 2891 129 2932 25
144 2871 198 2939 ἐπὶ
225 2882 265 2959 τῇ
293 2873 441 2962 ἀριστείᾳ
467 2876 545 2960 τῇδε
572 2874 630 2950 τάς
656 2872 871 2956 νομιζομένας
892 2869 981 2939 εἶναι
1003 2881 1159 2958 μεγίστας

142 2980 232 3065 παρὰ
255 2977 426 3065 Ῥωμαίοις
454 2981 580 3064 δωρεάς
607 2973 703 3055 οὗτος
729 2973 773 3062 ἦν
796 2980 815 3045 6
838 2990 967 3065 πρῶτος
989 2980 1158 3068 ἐξενεγκά-

144 3109 250 3170 μενος.
296 3086 377 3170 μετδι
404 3096 506 3150 ταῦτα
532 3086 611 3161 τούς
634 3107 669 3150 τε
692 3094 759 3149 τῶν
781 3088 950 3168 πολεμίων
973 3090 1158 3168 σκυλεύσας

215 3284 232 3330 3
251 3276 381 3347 ίσόροπος
398 3276 445 3331 Ba
518 3283 550 3330 11
571 3271 843 3349 ἐπιταλ<αι>πωρῶν
862 3275 909 3331 Ba
981 3283 1016 3332 14
1035 3276 1156 3350 ἔφευγον

144 3346 167 3400 Ο
187 3345 203 3401 ἐ
225 3368 294 3418 υγον
314 3348 436 3419 Sylburg
518 3353 550 3403 17
574 3367 604 3403 τε
623 3364 676 3402 om.
696 3350 721 3402 A
802 3352 837 3401 18
856 3345 966 3415 εἰλήφει
983 3357 1040 3404 τῶν
1059 3351 1156 3408 om.A

144 3368 364 3487 20666'61&
389 3419 497 3474 δδὲΒ
