2378 3840
121 148 187 210 244
544 152 710 199 -H-

120 311 280 376 ὑπατείαν
297 312 561 394 παρειληφότων,
584 311 704 394 ἀνδρες
723 309 760 374 ἐκ
777 320 844 376 τῶν
862 313 1048 394 πατρικίων
1066 308 1140 375 νέοι

120 413 182 500 μὲν
201 418 248 480 ἐτι
266 416 328 498 τῆν
345 414 490 498 ῆλικίαν,
511 414 763 500 ἐπιφανέστατοι
783 412 820 482 δέ
838 427 905 482 τῶν
923 417 1036 482 ἀλλων
1054 415 1141 481 κατά

121 520 153 605 γ’
185 520 336 600 ἀξιώσεις
363 524 555 607 προγόνων,
585 520 639 587 καὶ
669 524 726 587 διδ
757 523 815 600 τάς
844 521 988 608 ἑταιρίας
1017 545 1052 588 τε
1084 519 1140 587 καὶ

122 629 287 704 πλούτους
318 626 401 712 μέγα
434 628 631 713 δυνάμενοι,
662 626 718 693 καὶ
750 629 794 706 ὡς
820 627 891 694 νέοι
918 629 959 693 τά
985 627 1141 693 πολιτικά

96 734 278 820 ταράττειν
306 734 446 811 οὐδενὸς
472 745 539 800 τῶν
563 734 600 800 ἐν
623 733 709 820 ἀκμῆ
732 739 879 821 χείρους,
907 737 1045 799 Καίσων
1071 732 1141 798 Φά-

123 845 208 925 βιος,
231 840 374 925 ἀδελφὸς
391 851 452 907 τοῦ
470 844 542 907 τότε
561 842 796 926 ὑπατεύοντος,
813 839 869 907 καὶ
887 842 1031 917 Λεύκιος
1051 840 1140 905 Οὑα·

124 945 233 1031 λέριος
260 950 489 1030 Ποπλικόλας,
522 946 666 1032 ἀδελφὸς
696 956 757 1013 τοῦ
788 948 1034 1023 καταλύσαντος
1063 947 1142 1022 τοὺς

123 1056 285 1138 βασιλεῖς,
313 1054 374 1136 τῆν
402 1054 615 1137 ταμιευτικὴν
641 1055 771 1138 ἔχοντες
798 1051 952 1131 ἐξουσίαν
974 1052 1058 1117 κατὰ
1082 1054 1140 1118 τὸν

124 1159 228 1226 αὐτὸν
251 1163 387 1246 χρόνον,
409 1157 464 1224 καὶ
488 1160 544 1225 διά
564 1156 652 1225 τοῦτ’
675 1158 851 1243 ἐκκλησίαν
870 1159 1030 1242 συνάγειν
1048 1159 1141 1235 όυτες

86 1282 112 1322 10
125 1267 248 1351 κύριοι,
268 1269 327 1331 τὸν
346 1267 575 1332 ὑπατεύσαντα
594 1273 639 1352 τῷ
658 1268 809 1348 πρόσθεν
828 1264 969 1352 ἐνιαυτῷ
987 1267 1141 1348 Σπόριον

123 1374 275 1438 Κάσσιον
297 1371 354 1438 καί
376 1375 585 1457 τολμήσαντα
607 1374 685 1448 τοὺς
705 1373 781 1458 περὶ
799 1381 856 1456 τῆς
873 1372 1034 1456 διανομῆς
1051 1373 1141 1456 είση-

122 1482 292 1562 γῆσασθαι
320 1480 445 1562 νόμους
472 1479 682 1562 εἰσήγγειλαν
709 1480 757 1554 είς
784 1480 843 1544 τὸν
873 1479 980 1562 δῆμον
1009 1475 1062 1542 ἐπὶ
1085 1500 1140 1543 τυ-

123 1586 281 1670 ραννίδος
299 1585 400 1669 αἰτίᾳ·
422 1580 477 1647 καὶ
495 1586 710 1668 προειπόντες
727 1582 854 1669 ῆμέραν
873 1583 978 1666 ῥητὴν
997 1581 1140 1649 ἐκάλουν

121 1687 223 1753 αὑτὸν
251 1688 295 1764 ὡς
325 1687 378 1752 ἐπὶ
406 1698 466 1753 τοῦ
494 1690 603 1773 δῆμον
629 1690 691 1773 τῆν
715 1690 812 1774 δίκην
834 1688 1181 1773 ἀπολογησόμενονπσε

83 1772 224 1889 Ξόχλον
248 1789 286 1858 δέ
307 1797 463 1859 πλείστου
482 1793 708 1880 συναχθέντος
731 1797 778 1872 είς
801 1796 861 1879 τῆν
880 1793 1139 1880 ἀποδειχθεῖσαν

121 1897 249 1983 ἡμέραν
273 1897 533 1982 συγκαλέσαντες
561 1901 609 1977 εἰς
632 1899 808 1983 ἐκκλησίαν
830 1901 868 1965 τὸ
891 1905 1022 1985 πλῆθος
1044 1903 1086 1967 τά
1108 1899 1134 1967 τ’

38 2056 40 2060 .
122 2004 252 2089 ἐμφανῆ
275 2015 336 2071 τοῦ
359 2005 482 2092 ἀνδρὸς
505 2008 585 2090 ἔργα
609 2007 653 2083 ὡς
676 2004 727 2071 ἐπ’
753 2003 868 2071 οὐδενὶ
890 2016 1021 2094 χρηστῷ
1043 2011 1139 2091 γενό-

122 2134 206 2197 μενα
230 2108 416 2198 διεξῄεσαν·
441 2112 491 2177 ὅτι
515 2115 673 2190 Λατίνοις
696 2108 758 2195 μὲν
778 2121 923 2198 πρῶτον,
946 2105 996 2190 οἷς
1014 2112 1138 2201 ἀπέχρη

121 2220 288 2294 πολιτείας
306 2226 420 2301 κοινῆς
439 2216 623 2303 ἀξιωθῆναι
642 2215 724 2302 μέγα
744 2216 910 2303 εὐτύχημα
929 2217 1140 2305 ἡγουμένοις,

82 2345 108 2384 ω
122 2326 153 2388 εί
174 2322 230 2389 καὶ
253 2324 372 2407 ταύτης
394 2325 543 2409 τύχοιεν,
570 2323 612 2390 οὐ
640 2326 746 2408 μόνον
774 2323 817 2406 ῆν
840 2321 944 2410 ᾔτουν
968 2329 1140 2392 πολιτείαν

120 2430 244 2508 ὑπατος
267 2430 314 2495 ἀιν
338 2428 528 2516 ἐχαρίσατο,
556 2427 629 2495 ἀλλ’
656 2432 703 2494 ἐτι
731 2426 876 2495 καὶτῶν
900 2428 936 2494 ἐκ
958 2439 1019 2495 τοῦ
1042 2431 1140 2498 πολέ-

121 2561 186 2620 μου
209 2537 383 2621 λαφύρων,
406 2534 464 2601 ἐάν
487 2537 583 2620 κοινῆ
602 2533 737 2619 γένηται
757 2539 922 2621 στρατεία,
943 2536 1006 2619 τῆν
1024 2540 1140 2622 τρίτην

121 2642 304 2729 ἐψηφίσατο
328 2643 499 2708 δίδοσθαι·
523 2637 629 2707 ἔπειθ’
648 2635 814 2726 Ἕρνικας,
838 2641 897 2718 οὑς
917 2640 1051 2731 πολέμῳ
1069 2667 1136 2729 χει-

120 2748 291 2833 ρωθέντας
314 2748 445 2834 ἀγαπᾶν
467 2741 583 2835 ἐχρῆν,
610 2750 641 2814 εί
666 2750 711 2832 μῆ
734 2745 870 2831 καὶτῆς
893 2748 1005 2814 αὐτῶν
1026 2751 1136 2836 χώρας

81 2875 107 2918 τι
120 2854 292 2943 ἀφαιρέσει
315 2853 381 2920 τινὶ
406 2859 616 2940 ζημιωθεῖεν,
645 2858 765 2940 φίλους
787 2849 849 2938 μὲν
872 2850 950 2918 ἀνθ’
977 2853 1135 2939 ὑπηκόων

121 2963 264 3048 ἐποίησε,
287 2953 422 3040 πολίτας
446 2959 479 3026 δ’
505 2958 583 3027 ἀνθ’
609 2961 792 3043 ὑποτελῶν,
815 2968 874 3044 γῆς
896 2983 931 3025 τε
953 2957 1010 3024 καὶ
1034 2965 1134 3045 λείας,

193 3127 208 3175 2
228 3118 302 3174 κατά
319 3138 348 3173 τε
368 3118 391 3174 0
414 3115 487 3172 κατά
505 3137 536 3187 γε
556 3134 578 3172 ο.
594 3115 754 3185 Stephanus
862 3122 879 3170 6
898 3116 1073 3185 ἀδελφιδοῦς
1090 3113 1138 3171 vel

121 3191 298 3260 ἀδελφόπαις
320 3207 343 3245 ο.
368 3188 523 3244 Glareanus
614 3194 648 3242 10
667 3184 773 3256 πρόσθ’
796 3181 956 3259 ἐνιαυτῷΒ
1051 3195 1083 3244 17
1103 3188 1139 3251 ὡς

122 3262 229 3314 add.B
314 3267 348 3316 18
366 3261 475 3331 ἀπόχρη
496 3258 519 3314 0
538 3257 691 3330 praeterss
777 3264 812 3312 20
830 3259 969 3312 ὑπατείαν
988 3256 1040 3314 Ac
1060 3263 1137 3315 πολι-

121 3334 200 3387 τείαν
219 3330 322 3456 B02mag
346 3330 533 3456 ἐσοὸιολιτείαν
552 3328 716 3399 οθγλὺιιτς
806 3334 841 3383 24
860 3324 946 3398 ἐχρῆν
965 3327 1012 3384 Ba
1076 3336 1137 3400 ¹2⁶

123 3404 152 3455 et
170 3421 196 3457 v.
211 3408 245 3456 26
314 3403 358 3456 ντὶ
776 3401 779 3409 ’
