<?xml version="1.0" encoding="UTF-8"?>
<!DOCTYPE html PUBLIC "-//W3C//DTD XHTML 1.0 Transitional//EN"
    "http://www.w3.org/TR/xhtml1/DTD/xhtml1-transitional.dtd">
<html xmlns="http://www.w3.org/1999/xhtml" xml:lang="en" lang="en">
 <head>
  <title>
</title>
<meta http-equiv="Content-Type" content="text/html;charset=utf-8" />
  <meta name='ocr-system' content='tesseract 3.04.00' />
  <meta name='ocr-capabilities' content='ocr_page ocr_carea ocr_par ocr_line ocrx_word'/>
</head>
<body>
  <div class='ocr_page' id='page_1' title='image "./dionysihalicarn04diongoog_0227.png"; bbox 0 0 2424 3848; ppageno 0'>
   <div class='ocr_carea' id='block_1_1' title="bbox 521 183 689 231">
    <p class='ocr_par' dir='ltr' id='par_1_1' title="bbox 521 183 689 231">
     <span class='ocr_line' id='line_1_1' title="bbox 521 183 689 231; baseline -0.006 -12"><span class='ocrx_word' id='word_1_1' title='bbox 521 183 689 231; x_wconf 72' lang='lat' dir='ltr'><em>„H-</em></span> 
     </span>
    </p>
   </div>
   <div class='ocr_carea' id='block_1_2' title="bbox 98 336 1119 430">
    <p class='ocr_par' dir='ltr' id='par_1_2' title="bbox 98 336 1119 430">
     <span class='ocr_line' id='line_1_2' title="bbox 98 336 1119 430; baseline -0.001 -22"><span class='ocrx_word' id='word_1_2' title='bbox 98 351 173 427; x_wconf 98' lang='grc' dir='ltr'><em>θοι,</em></span> <span class='ocrx_word' id='word_1_3' title='bbox 201 343 313 429; x_wconf 86' lang='grc' dir='ltr'><em>κρύφα</em></span> <span class='ocrx_word' id='word_1_4' title='bbox 341 339 396 407; x_wconf 77' lang='grc' dir='ltr'><em>καὶ</em></span> <span class='ocrx_word' id='word_1_5' title='bbox 420 344 483 407; x_wconf 88' lang='grc' dir='ltr'><em>σὺν</em></span> <span class='ocrx_word' id='word_1_6' title='bbox 507 343 595 430; x_wconf 80' lang='grc' dir='ltr'><em>δόλῳ</em></span> <span class='ocrx_word' id='word_1_7' title='bbox 619 340 722 407; x_wconf 86' lang='grc' dir='ltr'><em>αὐτὸν</em></span> <span class='ocrx_word' id='word_1_8' title='bbox 744 340 891 424; x_wconf 77' lang='grc' dir='ltr'><em>ἀνελεῖν,</em></span> <span class='ocrx_word' id='word_1_9' title='bbox 919 342 951 405; x_wconf 92' lang='grc' dir='ltr'><em>εί</em></span> <span class='ocrx_word' id='word_1_10' title='bbox 977 336 1015 406; x_wconf 77' lang='grc' dir='ltr'><em>δὲ</em></span> <span class='ocrx_word' id='word_1_11' title='bbox 1042 342 1119 407; x_wconf 89' lang='grc' dir='ltr'><em>δια-</em></span> 
     </span>
    </p>
   </div>
   <div class='ocr_carea' id='block_1_3' title="bbox 61 445 1158 3374">
    <p class='ocr_par' dir='ltr' id='par_1_3' title="bbox 99 445 1120 643">
     <span class='ocr_line' id='line_1_3' title="bbox 99 445 1120 534; baseline 0 -20"><span class='ocrx_word' id='word_1_12' title='bbox 99 451 232 534; x_wconf 85' lang='grc' dir='ltr'><em>μαρτὼν</em></span> <span class='ocrx_word' id='word_1_13' title='bbox 255 459 312 533; x_wconf 75' lang='grc' dir='ltr'><em>τῆς</em></span> <span class='ocrx_word' id='word_1_14' title='bbox 334 452 448 530; x_wconf 90' lang='grc' dir='ltr'><em>πείρας</em></span> <span class='ocrx_word' id='word_1_15' title='bbox 466 448 583 534; x_wconf 78' lang='grc' dir='ltr'><em>ἀτελὴς</em></span> <span class='ocrx_word' id='word_1_16' title='bbox 600 457 661 514; x_wconf 84' lang='grc' dir='ltr'><em>τοῦ</em></span> <span class='ocrx_word' id='word_1_17' title='bbox 680 450 780 534; x_wconf 86' lang='grc' dir='ltr'><em>ἐργου</em></span> <span class='ocrx_word' id='word_1_18' title='bbox 799 445 1049 534; x_wconf 78' lang='grc' dir='ltr'><strong><em>ἀναστρέψειεν,</em></strong></span> <span class='ocrx_word' id='word_1_19' title='bbox 1070 448 1120 526; x_wconf 80' lang='grc' dir='ltr'><em>ὡς</em></span> 
     </span>
     <span class='ocr_line' id='line_1_4' title="bbox 99 551 1117 643; baseline -0.001 -22"><span class='ocrx_word' id='word_1_20' title='bbox 99 558 267 643; x_wconf 77' lang='grc' dir='ltr'><em>προδότην</em></span> <span class='ocrx_word' id='word_1_21' title='bbox 293 557 486 642; x_wconf 76' lang='grc' dir='ltr'><em>παραδόντα</em></span> <span class='ocrx_word' id='word_1_22' title='bbox 513 564 552 640; x_wconf 74' lang='grc' dir='ltr'><em>τῇ</em></span> <span class='ocrx_word' id='word_1_23' title='bbox 578 552 655 641; x_wconf 78' lang='grc' dir='ltr'><em>περὶ</em></span> <span class='ocrx_word' id='word_1_24' title='bbox 682 554 785 619; x_wconf 84' lang='grc' dir='ltr'><em>αὐτὸν</em></span> <span class='ocrx_word' id='word_1_25' title='bbox 814 551 941 642; x_wconf 77' lang='grc' dir='ltr'><em>ἑταιρίᾳ</em></span> <span class='ocrx_word' id='word_1_26' title='bbox 964 553 1117 621; x_wconf 86' lang='grc' dir='ltr'><em>ἀποκτεῖ-</em></span> 
     </span>
    </p>

    <p class='ocr_par' dir='ltr' id='par_1_4' title="bbox 63 658 1116 749">
     <span class='ocr_line' id='line_1_5' title="bbox 63 658 1116 749; baseline -0.003 -19"><span class='ocrx_word' id='word_1_27' title='bbox 63 670 167 733; x_wconf 78' lang='grc' dir='ltr'><em>4ναι·</em></span> <span class='ocrx_word' id='word_1_28' title='bbox 188 663 268 749; x_wconf 82' lang='grc' dir='ltr'><em>ὅπερ</em></span> <span class='ocrx_word' id='word_1_29' title='bbox 288 660 391 727; x_wconf 83' lang='grc' dir='ltr'><em>ἐποίει</em></span> <span class='ocrx_word' id='word_1_30' title='bbox 410 664 494 745; x_wconf 89' lang='grc' dir='ltr'><em>τότε,</em></span> <span class='ocrx_word' id='word_1_31' title='bbox 512 658 568 726; x_wconf 77' lang='grc' dir='ltr'><em>καὶ</em></span> <span class='ocrx_word' id='word_1_32' title='bbox 587 661 787 744; x_wconf 83' lang='grc' dir='ltr'><em>συναγαγὼν</em></span> <span class='ocrx_word' id='word_1_33' title='bbox 806 670 900 747; x_wconf 82' lang='grc' dir='ltr'><em>χείρω</em></span> <span class='ocrx_word' id='word_1_34' title='bbox 917 660 980 726; x_wconf 83' lang='grc' dir='ltr'><em>οὐκ</em></span> <span class='ocrx_word' id='word_1_35' title='bbox 997 661 1116 746; x_wconf 78' lang='grc' dir='ltr'><em>ὀλίγην</em></span> 
     </span>
    </p>

    <p class='ocr_par' dir='ltr' id='par_1_5' title="bbox 73 762 1158 1281">
     <span class='ocr_line' id='line_1_6' title="bbox 73 762 1116 856; baseline 0 -24"><span class='ocrx_word' id='word_1_36' title='bbox 73 772 273 856; x_wconf 82' lang='grc' dir='ltr'><em>τκατηγόρει</em></span> <span class='ocrx_word' id='word_1_37' title='bbox 299 777 359 834; x_wconf 88' lang='grc' dir='ltr'><em>τοῦ</em></span> <span class='ocrx_word' id='word_1_38' title='bbox 387 767 510 854; x_wconf 88' lang='grc' dir='ltr'><em>ἀνδρὸς</em></span> <span class='ocrx_word' id='word_1_39' title='bbox 542 770 650 851; x_wconf 77' lang='grc' dir='ltr'><em>ψευδῆ</em></span> <span class='ocrx_word' id='word_1_40' title='bbox 683 762 941 854; x_wconf 79' lang='grc' dir='ltr'><em>τεκμαιρόμενος</em></span> <span class='ocrx_word' id='word_1_41' title='bbox 972 766 1116 852; x_wconf 76' lang='grc' dir='ltr'><em>ἀληθέσι</em></span> 
     </span>
     <span class='ocr_line' id='line_1_7' title="bbox 98 871 1111 960; baseline -0.002 -18"><span class='ocrx_word' id='word_1_42' title='bbox 98 874 153 942; x_wconf 85' lang='grc' dir='ltr'><em>καὶ</em></span> <span class='ocrx_word' id='word_1_43' title='bbox 182 876 222 942; x_wconf 87' lang='grc' dir='ltr'><em>οὐ</em></span> <span class='ocrx_word' id='word_1_44' title='bbox 249 877 454 960; x_wconf 76' lang='grc' dir='ltr'><em>γενησόμενα</em></span> <span class='ocrx_word' id='word_1_45' title='bbox 482 875 619 953; x_wconf 79' lang='grc' dir='ltr'><em>εἰκάζων</em></span> <span class='ocrx_word' id='word_1_46' title='bbox 646 873 892 958; x_wconf 79' lang='grc' dir='ltr'><em>γεγενημένοις·</em></span> <span class='ocrx_word' id='word_1_47' title='bbox 926 872 1059 940; x_wconf 87' lang='grc' dir='ltr'><em>ἐκέλευέ</em></span> <span class='ocrx_word' id='word_1_48' title='bbox 1084 871 1111 940; x_wconf 88' lang='grc' dir='ltr'><em>τ’</em></span> 
     </span>
     <span class='ocr_line' id='line_1_8' title="bbox 98 979 1116 1067; baseline -0.002 -19"><span class='ocrx_word' id='word_1_49' title='bbox 98 981 309 1067; x_wconf 73' lang='grc' dir='ltr'><em>ἀποθέμενον</em></span> <span class='ocrx_word' id='word_1_50' title='bbox 334 980 436 1047; x_wconf 87' lang='grc' dir='ltr'><em>αὐτὸν</em></span> <span class='ocrx_word' id='word_1_51' title='bbox 458 981 519 1064; x_wconf 80' lang='grc' dir='ltr'><em>την</em></span> <span class='ocrx_word' id='word_1_52' title='bbox 538 980 644 1066; x_wconf 78' lang='grc' dir='ltr'><em>ἀρχὴν</em></span> <span class='ocrx_word' id='word_1_53' title='bbox 663 984 765 1064; x_wconf 92' lang='grc' dir='ltr'><em>λόγον</em></span> <span class='ocrx_word' id='word_1_54' title='bbox 783 979 917 1066; x_wconf 80' lang='grc' dir='ltr'><em>ὑπέχειν</em></span> <span class='ocrx_word' id='word_1_55' title='bbox 937 989 996 1065; x_wconf 79' lang='grc' dir='ltr'><em>τῆς</em></span> <span class='ocrx_word' id='word_1_56' title='bbox 1018 998 1116 1067; x_wconf 92' lang='grc' dir='ltr'><em>στρα-</em></span> 
     </span>
     <span class='ocr_line' id='line_1_9' title="bbox 98 1079 1116 1175; baseline -0.002 -20"><span class='ocrx_word' id='word_1_57' title='bbox 98 1093 222 1175; x_wconf 90' lang='grc' dir='ltr'><em>τηγίας.</em></span> <span class='ocrx_word' id='word_1_58' title='bbox 267 1084 310 1172; x_wconf 77' lang='grc' dir='ltr'><em>ἦν</em></span> <span class='ocrx_word' id='word_1_59' title='bbox 333 1083 371 1151; x_wconf 81' lang='grc' dir='ltr'><em>δέ</em></span> <span class='ocrx_word' id='word_1_60' title='bbox 393 1096 451 1170; x_wconf 79' lang='grc' dir='ltr'><em>της</em></span> <span class='ocrx_word' id='word_1_61' title='bbox 473 1087 705 1171; x_wconf 81' lang='grc' dir='ltr'><em>ὑπομενούσης</em></span> <span class='ocrx_word' id='word_1_62' title='bbox 728 1096 882 1173; x_wconf 83' lang='grc' dir='ltr'><em>στρατιᾶς</em></span> <span class='ocrx_word' id='word_1_63' title='bbox 904 1086 941 1153; x_wconf 87' lang='grc' dir='ltr'><em>ἐν</em></span> <span class='ocrx_word' id='word_1_64' title='bbox 964 1098 1035 1165; x_wconf 86' lang='grc' dir='ltr'><em>ταῖς</em></span> <span class='ocrx_word' id='word_1_65' title='bbox 1058 1079 1116 1154; x_wconf 88' lang='grc' dir='ltr'><em>πό-</em></span> 
     </span>
     <span class='ocr_line' id='line_1_10' title="bbox 99 1191 1158 1281; baseline -0.007 -19"><span class='ocrx_word' id='word_1_66' title='bbox 99 1202 191 1262; x_wconf 84' lang='grc' dir='ltr'><em>λεσιν</em></span> <span class='ocrx_word' id='word_1_67' title='bbox 219 1195 368 1279; x_wconf 75' lang='grc' dir='ltr'><em>ἡγεμών,</em></span> <span class='ocrx_word' id='word_1_68' title='bbox 399 1194 444 1270; x_wconf 82' lang='grc' dir='ltr'><em>ὡς</em></span> <span class='ocrx_word' id='word_1_69' title='bbox 469 1191 525 1259; x_wconf 82' lang='grc' dir='ltr'><em>καὶ</em></span> <span class='ocrx_word' id='word_1_70' title='bbox 551 1196 714 1279; x_wconf 91' lang='grc' dir='ltr'><em>πρότερον</em></span> <span class='ocrx_word' id='word_1_71' title='bbox 737 1197 868 1279; x_wconf 77' lang='grc' dir='ltr'><em>εἴρηταί</em></span> <span class='ocrx_word' id='word_1_72' title='bbox 895 1217 968 1279; x_wconf 92' lang='grc' dir='ltr'><em>μοι,</em></span> <span class='ocrx_word' id='word_1_73' title='bbox 999 1195 1158 1281; x_wconf 84' lang='grc' dir='ltr'><em>κύριος164</em></span> 
     </span>
    </p>

    <p class='ocr_par' dir='ltr' id='par_1_6' title="bbox 61 1297 1118 1493">
     <span class='ocr_line' id='line_1_11' title="bbox 61 1297 1118 1386; baseline 0.004 -22"><span class='ocrx_word' id='word_1_74' title='bbox 61 1325 86 1364; x_wconf 79' lang='grc' dir='ltr'><em>ιο</em></span> <span class='ocrx_word' id='word_1_75' title='bbox 99 1313 159 1370; x_wconf 88' lang='grc' dir='ltr'><em>τοῦ</em></span> <span class='ocrx_word' id='word_1_76' title='bbox 182 1326 216 1367; x_wconf 93' lang='grc' dir='ltr'><em>τε</em></span> <span class='ocrx_word' id='word_1_77' title='bbox 241 1310 443 1384; x_wconf 77' lang='grc' dir='ltr'><em>συναγαγεῖν</em></span> <span class='ocrx_word' id='word_1_78' title='bbox 464 1297 640 1384; x_wconf 77' lang='grc' dir='ltr'><em>ἐκκλησίαν</em></span> <span class='ocrx_word' id='word_1_79' title='bbox 662 1297 718 1365; x_wconf 84' lang='grc' dir='ltr'><em>καὶ</em></span> <span class='ocrx_word' id='word_1_80' title='bbox 740 1309 801 1365; x_wconf 84' lang='grc' dir='ltr'><em>τοῦ</em></span> <span class='ocrx_word' id='word_1_81' title='bbox 823 1305 949 1384; x_wconf 77' lang='grc' dir='ltr'><em>καλεῖν,</em></span> <span class='ocrx_word' id='word_1_82' title='bbox 973 1299 1013 1365; x_wconf 86' lang='grc' dir='ltr'><em>ὃν</em></span> <span class='ocrx_word' id='word_1_83' title='bbox 1036 1303 1118 1386; x_wconf 82' lang='grc' dir='ltr'><em>βού-</em></span> 
     </span>
     <span class='ocr_line' id='line_1_12' title="bbox 101 1405 410 1493; baseline -0.019 -17"><span class='ocrx_word' id='word_1_84' title='bbox 101 1416 204 1493; x_wconf 93' lang='grc' dir='ltr'><em>λοιτο,</em></span> <span class='ocrx_word' id='word_1_85' title='bbox 227 1405 281 1472; x_wconf 82' lang='grc' dir='ltr'><em>ἐπὶ</em></span> <span class='ocrx_word' id='word_1_86' title='bbox 304 1408 410 1491; x_wconf 91' lang='grc' dir='ltr'><em>δίκην.</em></span> 
     </span>
    </p>

    <p class='ocr_par' dir='ltr' id='par_1_7' title="bbox 101 1509 1120 1812">
     <span class='ocr_line' id='line_1_13' title="bbox 167 1509 1119 1599; baseline 0.002 -21"><span class='ocrx_word' id='word_1_87' title='bbox 167 1513 289 1579; x_wconf 80' lang='lat' dir='ltr'>LVIII.</span> <span class='ocrx_word' id='word_1_88' title='bbox 324 1511 360 1575; x_wconf 89' lang='grc' dir='ltr'><strong><em>Ὁ</em></strong></span> <span class='ocrx_word' id='word_1_89' title='bbox 388 1509 425 1577; x_wconf 79' lang='grc' dir='ltr'><em>δέ</em></span> <span class='ocrx_word' id='word_1_90' title='bbox 452 1513 605 1597; x_wconf 81' lang='grc' dir='ltr'><em>Μάρκιος</em></span> <span class='ocrx_word' id='word_1_91' title='bbox 633 1511 818 1597; x_wconf 83' lang='grc' dir='ltr'><em>ἀντιλέγειν</em></span> <span class='ocrx_word' id='word_1_92' title='bbox 851 1510 913 1598; x_wconf 72' lang='grc' dir='ltr'><em>μὲν</em></span> <span class='ocrx_word' id='word_1_93' title='bbox 944 1516 1027 1599; x_wconf 90' lang='grc' dir='ltr'><em>πρὸς</em></span> <span class='ocrx_word' id='word_1_94' title='bbox 1061 1515 1119 1580; x_wconf 89' lang='grc' dir='ltr'><em>ού-</em></span> 
     </span>
     <span class='ocr_line' id='line_1_14' title="bbox 101 1615 1118 1707; baseline 0.001 -20"><span class='ocrx_word' id='word_1_95' title='bbox 101 1620 238 1707; x_wconf 87' lang='grc' dir='ltr'><em>δέτερον</em></span> <span class='ocrx_word' id='word_1_96' title='bbox 265 1621 393 1684; x_wconf 93' lang='grc' dir='ltr'><em>τούτων</em></span> <span class='ocrx_word' id='word_1_97' title='bbox 416 1617 581 1702; x_wconf 89' lang='grc' dir='ltr'><em>ἐδικαίου,</em></span> <span class='ocrx_word' id='word_1_98' title='bbox 607 1616 683 1704; x_wconf 85' lang='grc' dir='ltr'><em>περὶ</em></span> <span class='ocrx_word' id='word_1_99' title='bbox 712 1615 749 1684; x_wconf 74' lang='grc' dir='ltr'><em>δὲ</em></span> <span class='ocrx_word' id='word_1_100' title='bbox 776 1630 833 1704; x_wconf 81' lang='grc' dir='ltr'><em>της</em></span> <span class='ocrx_word' id='word_1_101' title='bbox 860 1619 982 1698; x_wconf 81' lang='grc' dir='ltr'><em>τάξεως</em></span> <span class='ocrx_word' id='word_1_102' title='bbox 1006 1621 1118 1688; x_wconf 81' lang='grc' dir='ltr'><em>αὐτῶν</em></span> 
     </span>
     <span class='ocr_line' id='line_1_15' title="bbox 102 1723 1120 1812; baseline 0.002 -21"><span class='ocrx_word' id='word_1_103' title='bbox 102 1724 272 1812; x_wconf 87' lang='grc' dir='ltr'><em>διεφέρετο</em></span> <span class='ocrx_word' id='word_1_104' title='bbox 300 1728 403 1808; x_wconf 91' lang='grc' dir='ltr'><em>λόγον</em></span> <span class='ocrx_word' id='word_1_105' title='bbox 429 1723 532 1802; x_wconf 82' lang='grc' dir='ltr'><em>ἀξιῶν</em></span> <span class='ocrx_word' id='word_1_106' title='bbox 559 1724 745 1791; x_wconf 83' lang='grc' dir='ltr'><em>ἀποδοῦναι</em></span> <span class='ocrx_word' id='word_1_107' title='bbox 776 1729 939 1811; x_wconf 89' lang='grc' dir='ltr'><em>πρότερον</em></span> <span class='ocrx_word' id='word_1_108' title='bbox 965 1738 1034 1791; x_wconf 85' lang='grc' dir='ltr'><em>τῶν</em></span> <span class='ocrx_word' id='word_1_109' title='bbox 1062 1750 1120 1793; x_wconf 90' lang='grc' dir='ltr'><em>πε-</em></span> 
     </span>
    </p>

    <p class='ocr_par' dir='ltr' id='par_1_8' title="bbox 62 1830 1120 2343">
     <span class='ocr_line' id='line_1_16' title="bbox 62 1830 1120 1920; baseline 0.005 -26"><span class='ocrx_word' id='word_1_110' title='bbox 62 1855 87 1894; x_wconf 86' lang='lat'><em>15</em></span> <span class='ocrx_word' id='word_1_111' title='bbox 100 1830 300 1918; x_wconf 90' lang='grc' dir='ltr'><em>πραγμένων</em></span> <span class='ocrx_word' id='word_1_112' title='bbox 322 1831 410 1920; x_wconf 77' lang='grc' dir='ltr'><em>αύτῷ</em></span> <span class='ocrx_word' id='word_1_113' title='bbox 434 1833 515 1897; x_wconf 83' lang='grc' dir='ltr'><em>κατὰ</em></span> <span class='ocrx_word' id='word_1_114' title='bbox 537 1834 597 1898; x_wconf 91' lang='grc' dir='ltr'><em>τὸν</em></span> <span class='ocrx_word' id='word_1_115' title='bbox 615 1834 772 1917; x_wconf 89' lang='grc' dir='ltr'><em>πόλεμον,</em></span> <span class='ocrx_word' id='word_1_116' title='bbox 796 1830 910 1917; x_wconf 81' lang='grc' dir='ltr'><em>ἔπειτ’,</em></span> <span class='ocrx_word' id='word_1_117' title='bbox 933 1831 991 1898; x_wconf 82' lang='grc' dir='ltr'><em>ἐὰν</em></span> <span class='ocrx_word' id='word_1_118' title='bbox 1015 1835 1120 1899; x_wconf 84' lang='grc' dir='ltr'><em>ἀπασι</em></span> 
     </span>
     <span class='ocr_line' id='line_1_17' title="bbox 102 1936 1119 2025; baseline 0.001 -21"><span class='ocrx_word' id='word_1_119' title='bbox 102 1938 182 2025; x_wconf 85' lang='grc' dir='ltr'><em>δόξη</em></span> <span class='ocrx_word' id='word_1_120' title='bbox 208 1937 449 2022; x_wconf 82' lang='grc' dir='ltr'><em>Οὐολούσκοις,</em></span> <span class='ocrx_word' id='word_1_121' title='bbox 476 1936 711 2021; x_wconf 78' lang='grc' dir='ltr'><em>ἀποθήσεσθαι</em></span> <span class='ocrx_word' id='word_1_122' title='bbox 740 1939 801 2022; x_wconf 80' lang='grc' dir='ltr'><em>τὴν</em></span> <span class='ocrx_word' id='word_1_123' title='bbox 829 1937 943 2024; x_wconf 79' lang='grc' dir='ltr'><em>ἀρχήν.</em></span> <span class='ocrx_word' id='word_1_124' title='bbox 988 1940 1119 2005; x_wconf 91' lang='grc' dir='ltr'><em>τούτων</em></span> 
     </span>
     <span class='ocr_line' id='line_1_18' title="bbox 102 2037 1119 2133; baseline 0.001 -22"><span class='ocrx_word' id='word_1_125' title='bbox 102 2044 134 2111; x_wconf 91' lang='grc' dir='ltr'><em>δ’</em></span> <span class='ocrx_word' id='word_1_126' title='bbox 162 2046 203 2112; x_wconf 87' lang='grc' dir='ltr'><em>οὐ</em></span> <span class='ocrx_word' id='word_1_127' title='bbox 227 2049 307 2130; x_wconf 91' lang='grc' dir='ltr'><em>μίαν</em></span> <span class='ocrx_word' id='word_1_128' title='bbox 329 2043 411 2133; x_wconf 73' lang='grc' dir='ltr'><em>ᾤετο</em></span> <span class='ocrx_word' id='word_1_129' title='bbox 434 2048 534 2110; x_wconf 91' lang='grc' dir='ltr'><em>πόλιν</em></span> <span class='ocrx_word' id='word_1_130' title='bbox 558 2045 641 2129; x_wconf 75' lang='grc' dir='ltr'><em>δεῖν,</em></span> <span class='ocrx_word' id='word_1_131' title='bbox 665 2042 702 2110; x_wconf 87' lang='grc' dir='ltr'><em>ἐν</em></span> <span class='ocrx_word' id='word_1_132' title='bbox 724 2037 745 2130; x_wconf 74' lang='grc' dir='ltr'><em>ᾗ</em></span> <span class='ocrx_word' id='word_1_133' title='bbox 769 2045 807 2110; x_wconf 83' lang='grc' dir='ltr'><em>τὸ</em></span> <span class='ocrx_word' id='word_1_134' title='bbox 829 2049 946 2110; x_wconf 78' lang='grc' dir='ltr'><em>πλεῖον</em></span> <span class='ocrx_word' id='word_1_135' title='bbox 968 2045 1033 2110; x_wconf 82' lang='grc' dir='ltr'><em>ὑπὸ</em></span> <span class='ocrx_word' id='word_1_136' title='bbox 1057 2055 1119 2113; x_wconf 87' lang='grc' dir='ltr'><em>τοῦ</em></span> 
     </span>
     <span class='ocr_line' id='line_1_19' title="bbox 106 2148 1118 2238; baseline 0.002 -22"><span class='ocrx_word' id='word_1_137' title='bbox 106 2148 238 2218; x_wconf 85' lang='grc' dir='ltr'><em>Τύλλου</em></span> <span class='ocrx_word' id='word_1_138' title='bbox 263 2150 447 2238; x_wconf 86' lang='grc' dir='ltr'><em>διέφθαρτο</em></span> <span class='ocrx_word' id='word_1_139' title='bbox 476 2150 589 2237; x_wconf 91' lang='grc' dir='ltr'><em>μέρος,</em></span> <span class='ocrx_word' id='word_1_140' title='bbox 619 2149 778 2235; x_wconf 87' lang='grc' dir='ltr'><em>γενέσθαι</em></span> <span class='ocrx_word' id='word_1_141' title='bbox 806 2153 941 2236; x_wconf 90' lang='grc' dir='ltr'><em>κυρίαν,</em></span> <span class='ocrx_word' id='word_1_142' title='bbox 968 2148 1053 2215; x_wconf 82' lang='grc' dir='ltr'><em>ἀλλὰ</em></span> <span class='ocrx_word' id='word_1_143' title='bbox 1081 2154 1118 2218; x_wconf 91' lang='grc' dir='ltr'><em>τὸ</em></span> 
     </span>
     <span class='ocr_line' id='line_1_20' title="bbox 102 2255 1119 2343; baseline 0.001 -21"><span class='ocrx_word' id='word_1_144' title='bbox 102 2261 203 2335; x_wconf 83' lang='grc' dir='ltr'><em>ἔθνος</em></span> <span class='ocrx_word' id='word_1_145' title='bbox 226 2260 314 2323; x_wconf 85' lang='grc' dir='ltr'><em>ἀπαν</em></span> <span class='ocrx_word' id='word_1_146' title='bbox 337 2260 384 2335; x_wconf 83' lang='grc' dir='ltr'><em>εἰς</em></span> <span class='ocrx_word' id='word_1_147' title='bbox 406 2260 468 2343; x_wconf 80' lang='grc' dir='ltr'><em>τὴν</em></span> <span class='ocrx_word' id='word_1_148' title='bbox 492 2260 635 2342; x_wconf 79' lang='grc' dir='ltr'><em>ἔννομον</em></span> <span class='ocrx_word' id='word_1_149' title='bbox 658 2256 786 2343; x_wconf 89' lang='grc' dir='ltr'><em>ἀγορδιν</em></span> <span class='ocrx_word' id='word_1_150' title='bbox 805 2255 986 2343; x_wconf 80' lang='grc' dir='ltr'><em>συναχθέν,</em></span> <span class='ocrx_word' id='word_1_151' title='bbox 1009 2259 1057 2335; x_wconf 87' lang='grc' dir='ltr'><em>εἰς</em></span> <span class='ocrx_word' id='word_1_152' title='bbox 1076 2258 1119 2342; x_wconf 76' lang='grc' dir='ltr'><em>ἣν</em></span> 
     </span>
    </p>

    <p class='ocr_par' dir='ltr' id='par_1_9' title="bbox 63 2360 1120 2557">
     <span class='ocr_line' id='line_1_21' title="bbox 63 2360 1119 2449; baseline 0.005 -24"><span class='ocrx_word' id='word_1_153' title='bbox 63 2387 89 2425; x_wconf 81' lang='lat'><em>20</em></span> <span class='ocrx_word' id='word_1_154' title='bbox 103 2368 183 2441; x_wconf 83' lang='grc' dir='ltr'><em>ἔθος</em></span> <span class='ocrx_word' id='word_1_155' title='bbox 209 2360 253 2448; x_wconf 78' lang='grc' dir='ltr'><em>ἦν</em></span> <span class='ocrx_word' id='word_1_156' title='bbox 280 2365 407 2446; x_wconf 82' lang='grc' dir='ltr'><em>αὐτοῖς,</em></span> <span class='ocrx_word' id='word_1_157' title='bbox 436 2365 486 2429; x_wconf 84' lang='grc' dir='ltr'><em>ὅτι</em></span> <span class='ocrx_word' id='word_1_158' title='bbox 513 2361 590 2449; x_wconf 85' lang='grc' dir='ltr'><em>περὶ</em></span> <span class='ocrx_word' id='word_1_159' title='bbox 617 2374 683 2429; x_wconf 80' lang='grc' dir='ltr'><em>τῶν</em></span> <span class='ocrx_word' id='word_1_160' title='bbox 707 2367 870 2448; x_wconf 87' lang='grc' dir='ltr'><em>μεγίστων</em></span> <span class='ocrx_word' id='word_1_161' title='bbox 893 2366 1119 2448; x_wconf 86' lang='grc' dir='ltr'><em>βουλεύεσθαι</em></span> 
     </span>
     <span class='ocr_line' id='line_1_22' title="bbox 103 2468 1120 2557; baseline 0.002 -21"><span class='ocrx_word' id='word_1_162' title='bbox 103 2470 272 2557; x_wconf 88' lang='grc' dir='ltr'><em>μέλλοιεν,</em></span> <span class='ocrx_word' id='word_1_163' title='bbox 300 2471 333 2550; x_wconf 85' lang='grc' dir='ltr'><em>ἐξ</em></span> <span class='ocrx_word' id='word_1_164' title='bbox 362 2471 490 2556; x_wconf 82' lang='grc' dir='ltr'><em>ἀπάσης</em></span> <span class='ocrx_word' id='word_1_165' title='bbox 512 2474 640 2548; x_wconf 90' lang='grc' dir='ltr'><em>πόλεως</em></span> <span class='ocrx_word' id='word_1_166' title='bbox 661 2472 872 2555; x_wconf 83' lang='grc' dir='ltr'><em>προβούλους</em></span> <span class='ocrx_word' id='word_1_167' title='bbox 894 2468 1120 2538; x_wconf 87' lang='grc' dir='ltr'><em>ἀποστέλλειν.</em></span> 
     </span>
    </p>

    <p class='ocr_par' dir='ltr' id='par_1_10' title="bbox 65 2575 1121 3092">
     <span class='ocr_line' id='line_1_23' title="bbox 67 2575 1120 2661; baseline -0.005 -14"><span class='ocrx_word' id='word_1_168' title='bbox 67 2580 121 2647; x_wconf 79' lang='grc' dir='ltr'><em>2ὁ</em></span> <span class='ocrx_word' id='word_1_169' title='bbox 151 2575 188 2643; x_wconf 80' lang='grc' dir='ltr'><em>δέ</em></span> <span class='ocrx_word' id='word_1_170' title='bbox 220 2576 347 2656; x_wconf 91' lang='grc' dir='ltr'><em>Τύλλος</em></span> <span class='ocrx_word' id='word_1_171' title='bbox 373 2576 525 2661; x_wconf 86' lang='grc' dir='ltr'><em>ἀντέλεγε</em></span> <span class='ocrx_word' id='word_1_172' title='bbox 552 2579 635 2661; x_wconf 87' lang='grc' dir='ltr'><em>πρὸς</em></span> <span class='ocrx_word' id='word_1_173' title='bbox 661 2587 764 2642; x_wconf 82' lang='grc' dir='ltr'><em>ταῦτα</em></span> <span class='ocrx_word' id='word_1_174' title='bbox 793 2583 900 2654; x_wconf 81' lang='grc' dir='ltr'><em>καλῶς</em></span> <span class='ocrx_word' id='word_1_175' title='bbox 927 2577 1040 2661; x_wconf 79' lang='grc' dir='ltr'><em>εἰδώς,</em></span> <span class='ocrx_word' id='word_1_176' title='bbox 1068 2577 1120 2643; x_wconf 87' lang='grc' dir='ltr'><em>ότι</em></span> 
     </span>
     <span class='ocr_line' id='line_1_24' title="bbox 103 2678 1120 2769; baseline -0.001 -18"><span class='ocrx_word' id='word_1_177' title='bbox 103 2687 213 2762; x_wconf 88' lang='grc' dir='ltr'><em>δεινὸς</em></span> <span class='ocrx_word' id='word_1_178' title='bbox 240 2686 346 2749; x_wconf 79' lang='grc' dir='ltr'><em>εἰπεῖν</em></span> <span class='ocrx_word' id='word_1_179' title='bbox 374 2683 458 2768; x_wconf 78' lang='grc' dir='ltr'><em>ἀνὴρ</em></span> <span class='ocrx_word' id='word_1_180' title='bbox 485 2688 620 2749; x_wconf 82' lang='grc' dir='ltr'><em>πολλῶν</em></span> <span class='ocrx_word' id='word_1_181' title='bbox 647 2681 702 2748; x_wconf 82' lang='grc' dir='ltr'><em>καὶ</em></span> <span class='ocrx_word' id='word_1_182' title='bbox 733 2687 844 2748; x_wconf 84' lang='grc' dir='ltr'><em>καλῶν</em></span> <span class='ocrx_word' id='word_1_183' title='bbox 877 2685 983 2769; x_wconf 82' lang='grc' dir='ltr'><em>ἔργων</em></span> <span class='ocrx_word' id='word_1_184' title='bbox 1016 2678 1120 2768; x_wconf 91' lang='grc' dir='ltr'><em>λόγον</em></span> 
     </span>
     <span class='ocr_line' id='line_1_25' title="bbox 103 2787 1120 2877; baseline -0.001 -20"><span class='ocrx_word' id='word_1_185' title='bbox 103 2791 285 2868; x_wconf 86' lang='grc' dir='ltr'><em>ἀποδιδοὺς</em></span> <span class='ocrx_word' id='word_1_186' title='bbox 318 2790 354 2855; x_wconf 89' lang='grc' dir='ltr'><em>έν</em></span> <span class='ocrx_word' id='word_1_187' title='bbox 385 2791 571 2877; x_wconf 76' lang='grc' dir='ltr'><em>ἡγεμονικῷ</em></span> <span class='ocrx_word' id='word_1_188' title='bbox 608 2788 766 2874; x_wconf 82' lang='grc' dir='ltr'><em>ἀξιώματι</em></span> <span class='ocrx_word' id='word_1_189' title='bbox 798 2787 910 2874; x_wconf 91' lang='grc' dir='ltr'><em>μένων</em></span> <span class='ocrx_word' id='word_1_190' title='bbox 942 2792 1051 2855; x_wconf 89' lang='grc' dir='ltr'><em>πείσει</em></span> <span class='ocrx_word' id='word_1_191' title='bbox 1082 2793 1120 2857; x_wconf 89' lang='grc' dir='ltr'><em>τὸ</em></span> 
     </span>
     <span class='ocr_line' id='line_1_26' title="bbox 65 2895 1121 2983; baseline 0.004 -23"><span class='ocrx_word' id='word_1_192' title='bbox 65 2921 90 2960; x_wconf 74' lang='grc' dir='ltr'><em>τε</em></span> <span class='ocrx_word' id='word_1_193' title='bbox 103 2904 244 2983; x_wconf 75' lang='grc' dir='ltr'><em>πλῆθος,</em></span> <span class='ocrx_word' id='word_1_194' title='bbox 266 2895 321 2963; x_wconf 84' lang='grc' dir='ltr'><em>καὶ</em></span> <span class='ocrx_word' id='word_1_195' title='bbox 340 2899 500 2963; x_wconf 91' lang='grc' dir='ltr'><em>τοσούτου</em></span> <span class='ocrx_word' id='word_1_196' title='bbox 525 2899 635 2980; x_wconf 79' lang='grc' dir='ltr'><em>δεήσει</em></span> <span class='ocrx_word' id='word_1_197' title='bbox 658 2900 818 2981; x_wconf 83' lang='grc' dir='ltr'><em>τιμωρίαν</em></span> <span class='ocrx_word' id='word_1_198' title='bbox 841 2896 1016 2981; x_wconf 86' lang='grc' dir='ltr'><em>προδοτῶν</em></span> <span class='ocrx_word' id='word_1_199' title='bbox 1039 2898 1121 2964; x_wconf 88' lang='grc' dir='ltr'><em>ὑπο-</em></span> 
     </span>
     <span class='ocr_line' id='line_1_27' title="bbox 105 3001 1117 3092; baseline -0.002 -22"><span class='ocrx_word' id='word_1_200' title='bbox 105 3017 212 3092; x_wconf 82' lang='grc' dir='ltr'><em>σχεῖν,</em></span> <span class='ocrx_word' id='word_1_201' title='bbox 246 3006 328 3070; x_wconf 84' lang='grc' dir='ltr'><em>ὥστε</em></span> <span class='ocrx_word' id='word_1_202' title='bbox 356 3003 411 3069; x_wconf 81' lang='grc' dir='ltr'><em>καὶ</em></span> <span class='ocrx_word' id='word_1_203' title='bbox 435 3007 658 3090; x_wconf 86' lang='grc' dir='ltr'><em>λαμπρότερος</em></span> <span class='ocrx_word' id='word_1_204' title='bbox 686 3006 734 3068; x_wconf 86' lang='grc' dir='ltr'><em>ἐτι</em></span> <span class='ocrx_word' id='word_1_205' title='bbox 761 3001 816 3067; x_wconf 83' lang='grc' dir='ltr'><em>καὶ</em></span> <span class='ocrx_word' id='word_1_206' title='bbox 845 3004 1038 3087; x_wconf 86' lang='grc' dir='ltr'><em>τιμιώτερος</em></span> <span class='ocrx_word' id='word_1_207' title='bbox 1061 3001 1117 3069; x_wconf 83' lang='grc' dir='ltr'><em>ὑπ’</em></span> 
     </span>
    </p>

    <p class='ocr_par' dir='ltr' id='par_1_11' title="bbox 178 3157 1121 3232">
     <span class='ocr_line' id='line_1_28' title="bbox 178 3157 1121 3232; baseline -0.003 -15"><span class='ocrx_word' id='word_1_208' title='bbox 178 3170 193 3217; x_wconf 83' lang='lat'><strong>5</strong></span> <span class='ocrx_word' id='word_1_209' title='bbox 212 3164 306 3232; x_wconf 80' lang='grc' dir='ltr'><em>ψευδῆ</em></span> <span class='ocrx_word' id='word_1_210' title='bbox 325 3161 390 3216; x_wconf 81' lang='grc' dir='ltr'><em>εδδ.</em></span> <span class='ocrx_word' id='word_1_211' title='bbox 404 3160 435 3214; x_wconf 88' lang='lat' dir='ltr'><em>in</em></span> <span class='ocrx_word' id='word_1_212' title='bbox 452 3177 516 3230; x_wconf 83' lang='lat' dir='ltr'><em>mge</em></span> <span class='ocrx_word' id='word_1_213' title='bbox 531 3158 581 3213; x_wconf 82' lang='lat' dir='ltr'><em>AC</em></span> <span class='ocrx_word' id='word_1_214' title='bbox 637 3166 652 3213; x_wconf 83' lang='grc'><strong>6</strong></span> <span class='ocrx_word' id='word_1_215' title='bbox 670 3157 869 3229; x_wconf 87' lang='grc' dir='ltr'><em>γενησομένοις</em></span> <span class='ocrx_word' id='word_1_216' title='bbox 883 3159 905 3214; x_wconf 94' lang='lat' dir='ltr'>O</span> <span class='ocrx_word' id='word_1_217' title='bbox 922 3157 1121 3230; x_wconf 81' lang='grc' dir='ltr'><em>γεγενημένοις</em></span> 
     </span>
    </p>

    <p class='ocr_par' dir='ltr' id='par_1_12' title="bbox 105 3229 1120 3374">
     <span class='ocr_line' id='line_1_29' title="bbox 105 3229 1120 3374; baseline 0.002 -18"><span class='ocrx_word' id='word_1_218' title='bbox 105 3236 151 3356; x_wconf 76' lang='grc' dir='ltr'><em>υ</em></span> <span class='ocrx_word' id='word_1_219' title='bbox 169 3232 331 3374; x_wconf 76' lang='grc' dir='ltr'><em>και</em></span> <span class='ocrx_word' id='word_1_220' title='bbox 347 3229 808 3373; x_wconf 34' lang='grc' dir='ltr'><em>σκοτίη,κολακεία</em></span> <span class='ocrx_word' id='word_1_221' title='bbox 821 3231 905 3356; x_wconf 57' lang='grc' dir='ltr'><em>ε,</em></span> <span class='ocrx_word' id='word_1_222' title='bbox 919 3231 1120 3358; x_wconf 69' lang='grc' dir='ltr'><em>ι</em></span> 
     </span>
    </p>
   </div>
   <div class='ocr_carea' id='block_1_4' title="bbox 105 3371 1121 3518">
    <p class='ocr_par' dir='ltr' id='par_1_13' title="bbox 105 3371 1121 3518">
     <span class='ocr_line' id='line_1_30' title="bbox 105 3371 1121 3446; baseline 0.003 -20"><span class='ocrx_word' id='word_1_223' title='bbox 105 3374 168 3444; x_wconf 78' lang='lat' dir='ltr'>ling</span> <span class='ocrx_word' id='word_1_224' title='bbox 201 3378 205 3445; x_wconf 87' lang='grc' dir='ltr'>Ι</span> <span class='ocrx_word' id='word_1_225' title='bbox 239 3373 322 3446; x_wconf 89' lang='grc' dir='ltr'><em>λόγον</em></span> <span class='ocrx_word' id='word_1_226' title='bbox 341 3393 394 3430; x_wconf 88' lang='lat' dir='ltr'><em>om.</em></span> <span class='ocrx_word' id='word_1_227' title='bbox 414 3375 461 3428; x_wconf 81' lang='lat' dir='ltr'><em>Ba</em></span> <span class='ocrx_word' id='word_1_228' title='bbox 480 3391 565 3443; x_wconf 76' lang='lat' dir='ltr'>supra</span> <span class='ocrx_word' id='word_1_229' title='bbox 582 3372 631 3427; x_wconf 89' lang='lat' dir='ltr'>lin.</span> <span class='ocrx_word' id='word_1_230' title='bbox 652 3373 715 3430; x_wconf 81' lang='lat' dir='ltr'>add.</span> <span class='ocrx_word' id='word_1_231' title='bbox 736 3373 793 3442; x_wconf 84' lang='lat' dir='ltr'><em>Bb,</em></span> <span class='ocrx_word' id='word_1_232' title='bbox 812 3373 838 3426; x_wconf 82' lang='lat' dir='ltr'>R</span> <span class='ocrx_word' id='word_1_233' title='bbox 927 3371 1121 3443; x_wconf 70' lang='grc' dir='ltr'><em>καμόντων.</em></span> 
     </span>
     <span class='ocr_line' id='line_1_31' title="bbox 106 3444 662 3518; baseline -0.004 -20"><span class='ocrx_word' id='word_1_234' title='bbox 106 3445 210 3500; x_wconf 72' lang='lat' dir='ltr'>Reiske</span> <span class='ocrx_word' id='word_1_235' title='bbox 284 3453 318 3501; x_wconf 80' lang='lat'><em>25</em></span> <span class='ocrx_word' id='word_1_236' title='bbox 337 3446 477 3518; x_wconf 89' lang='grc' dir='ltr'><em>προδότου</em></span> <span class='ocrx_word' id='word_1_237' title='bbox 497 3462 519 3500; x_wconf 89' lang='grc' dir='ltr'><em>ο.</em></span> <span class='ocrx_word' id='word_1_238' title='bbox 541 3444 662 3514; x_wconf 80' lang='lat' dir='ltr'>Sylburg</span> 
     </span>
    </p>
   </div>
   <div class='ocr_carea' id='block_1_5' title="bbox 0 0 1222 3848">
    <p class='ocr_par' dir='ltr' id='par_1_14' title="bbox 0 0 1222 3848">
     <span class='ocr_line' id='line_1_32' title="bbox 0 0 1222 3848; baseline 0 0"><span class='ocrx_word' id='word_1_239' title='bbox 0 0 1222 3848; x_wconf 95' lang='lat' dir='ltr'><em> </em></span> 
     </span>
    </p>
   </div>
  </div>
 </body>
</html>
