2424 3848
409 135 411 138 Α
533 173 702 228 ’Θ-

111 339 240 404 ὁπλίσει
254 337 336 422 πρὸς
355 337 480 420 ἄνδρας
497 336 558 402 ὅλα
576 327 616 401 τά
635 336 769 420 σώματα
788 338 923 422 ἔχοντας
942 334 979 402 έν
993 341 1129 424 φυλακῇ

111 436 270 527 ἐποίησάν
288 466 322 509 τε
340 445 485 520 πολλοὺς
503 453 570 508 τῶν
584 440 754 527 Ῥωμαίων
773 445 914 530 νεκροὺς
932 441 987 508 καὶ
1003 454 1129 528 μικροῦ

112 548 252 633 ἐδέησαν
279 548 317 614 έν
345 548 502 637 ἀλλοτρίᾳ
529 557 570 635 νῇ
598 549 864 635 καταληφθέντες
891 552 1032 635 τρόπαια
1060 561 1130 617 τῶν

75 654 284 722 4έλθόντων
307 653 360 721 έπὶ
382 665 469 739 σφᾶς
487 655 609 733 αὐτοὺς
626 653 818 740 ἀναστῆσαι.
855 653 927 722 ἀλλ’
949 656 967 721 ὅ
990 654 1022 739 γ’
1044 656 1131 722 ὕπα-

84 784 167 839 ετος
190 759 245 827 καὶ
268 763 304 828 οί
324 764 388 827 σὺν
412 761 500 849 αὐτῷ
519 759 688 846 Ῥωμαίων
713 762 820 838 ίππείς
843 760 1021 846 ἐπίλεκτοι,
1048 761 1200 848 ἅχω-1929

114 869 265 946 λινώτοις
283 866 501 945 ἐπελάσαντες
518 877 589 945 τοίς
607 869 719 945 ἵπποις
732 868 815 933 κατά
828 870 865 934 τὸ
879 868 1130 955 καρτερώτατόν

112 972 225 1041 τεκαὶ
249 975 366 1061 άριστα
390 976 578 1058 μαχόμενον
602 972 712 1038 αὐτῶν
734 970 848 1060 μέρος,
878 973 1043 1039 διασπῶσι
1066 976 1130 1059 την

89 1080 205 1160 τάξιν
236 1078 291 1145 καλ
323 1079 566 1163 καταβάλλουσι
601 1080 753 1165 συχνούς.
800 1078 1058 1166 διαφθαρέντων
1090 1078 1130 1146 δέ

112 1198 179 1253 τῶν
206 1186 386 1274 προμάχων
413 1183 468 1250 καί
490 1185 511 1268 ἡ
536 1185 634 1268 λοιπὴ
658 1185 800 1269 δύναμις
823 1183 1050 1272 ἀποτραπεῖσα
1074 1185 1129 1251 έν-

73 1315 99 1356 10
114 1292 242 1359 έκλινεν
270 1294 317 1370 είς
344 1292 473 1377 φυγήν,
501 1292 537 1357 οί
560 1314 595 1357 τε
618 1292 840 1376 φυλάττοντες
861 1292 919 1369 τὰς
941 1290 1131 1370 ἀποσκευάς

112 1399 291 1485 μεθέμενοι
327 1399 438 1464 αὐτῶν
473 1396 626 1475 άπιόντες
658 1396 785 1487 ᾤχοντο
817 1396 880 1462 άνά
912 1397 953 1462 τά
984 1401 1130 1483 πλησίον

112 1509 184 1592 ὄρη.
221 1503 291 1572 κατ’
314 1505 416 1570 αὐτὸν
440 1500 500 1589 μὲν
524 1499 669 1570 οὖντὸν
692 1501 805 1587 άνῶνα
828 1503 936 1587 ὀλίγοι
957 1501 1046 1582 τινές
1069 1506 1131 1570 αὐ-

113 1624 180 1681 τῶν
208 1612 457 1698 διεφθάρησαν,
484 1608 521 1675 έν
550 1606 587 1675 δέ
615 1618 653 1694 τῇ
677 1619 768 1695 φυγῇ
790 1610 880 1676 πάνυ
902 1614 1037 1696 πολλοί,
1064 1614 1130 1698 χώ-

114 1743 175 1804 ρας
205 1715 235 1782 τ’
270 1718 400 1801 άπειροι
433 1718 525 1792 ὄντες
555 1714 610 1781 καὶ
642 1716 708 1781 ὑπὸ
740 1724 798 1800 τῆς
823 1713 992 1801 Ῥωμαίων
1023 1718 1130 1785 ἵππου

75 1845 102 1886 ιι
116 1825 322 1907 διωκόμενοι.

180 1926 296 1994 LXVI.
320 1925 378 1992 Ἐν
402 1921 428 2016 ᾧ
452 1923 490 1993 δέ
512 1925 602 1993 ταῦτ’
626 1926 753 2011 ένίνετο
776 1932 898 2020 χρόνῳ,
920 1927 1132 2014 πεπυσμένος

114 2039 230 2119 άτερος
248 2045 315 2101 τῶν
333 2033 469 2100 ὑπάτων
483 2035 646 2121 Σερούιος
665 2032 719 2100 ἐπὶ
738 2038 902 2119 βοήθειαν
921 2035 1010 2123 αὐτῷ
1025 2053 1130 2123 προσ-

115 2147 208 2210 ιόντα
238 2144 297 2207 τὸν
325 2142 516 2206 συνύπατον
544 2141 672 2225 δείσας,
702 2141 746 2225 μη
775 2143 1010 2225 ὑπαντήσωσιν
1038 2142 1130 2232 αὐτῷ

115 2251 151 2316 οί
183 2246 336 2332 πολέμιοι
369 2246 423 2313 καί
457 2248 665 2312 διακλείσωσι
696 2256 754 2331 τῆς
785 2250 867 2335 πρὸς
898 2248 1001 2313 αὐτὸν
1033 2249 1131 2334 ὁδοῦ,

74 2379 102 2419 ευ
114 2365 278 2444 περισπᾶν
306 2354 428 2432 αὐτοὺς
455 2355 614 2419 διενοεῖτο
641 2354 830 2438 προσβολάς
856 2356 1057 2439 ποιούμενος
1084 2364 1201 2444 τῷιοσο

79 2469 100 2532 2
115 2463 243 2547 χάρακι.
271 2460 354 2526 ἄλλά
373 2462 435 2546 γάρ
455 2461 646 2546 φθάσαντες
664 2460 767 2527 αὐτὸν
783 2460 819 2526 οί
833 2457 996 2546 πολέμιοι,
1014 2460 1131 2547 ἐπειδὴ

116 2570 266 2651 ἔγνωσαν
287 2568 351 2651 «τὴν
374 2567 551 2653 συμφοράν
574 2578 641 2633 τῶν
660 2564 841 2654 σφετέρων,
863 2567 906 2652 ἣν
924 2566 1133 2651 ἀπήγγειλαν

116 2675 151 2739 οί
171 2671 413 2759 περισωθέντες
435 2673 472 2738 έκ
494 2681 552 2757 τῆς
573 2682 759 2760 προνομῆς,
782 2673 941 2750 λύσαντες
963 2673 1024 2756 τὴν
1046 2695 1133 2761 παρ-

115 2781 262 2865 εμβολὴν
289 2778 327 2845 έν
354 2788 392 2865 τῇ
419 2781 531 2867 πρώτη
558 2778 655 2845 νυκτὶ
680 2780 760 2863 μετά
783 2780 845 2863 την
868 2779 975 2865 μάχην
997 2779 1045 2856 είς
1067 2781 1133 2864 την

75 2909 103 2950 ει
116 2890 216 2953 πόλιν
235 2884 376 2972 άπηραν,
399 2885 460 2971 οὐχ
480 2886 608 2950 ἅπαντα
626 2887 839 2970 πεπραχότες,
857 2884 920 2950 ὅσα
939 2882 1133 2968 ἐβούλοντο.

188 3149 265 3220 2τε]
286 3147 318 3203 δὲ
333 3164 356 3204 ο.
372 3147 493 3217 Sylburg
565 3143 857 3216 3άποληφθέντεςΒ
929 3145 1011 3200 αὐτοὶ
1029 3161 1052 3200 ο.
1068 3145 1135 3216 syl-

116 3219 190 3287 burg
292 3227 308 3275 6
331 3218 502 3281 πελάσαντες
525 3218 547 3273 Ο
573 3234 642 3273 corr.
661 3217 779 3272 Hudson
882 3223 897 3271 7
920 3214 1004 3287 μέρος
1022 3217 1088 3272 add.
1108 3219 1135 3272 B

118 3296 150 3344 12
170 3289 243 3344 κατὰ
261 3289 312 3358 μὲν
331 3290 354 3344 Β
372 3288 436 3345 κατ’
457 3289 544 3344 αάτδν
563 3287 614 3358 μὲν
632 3288 658 3341 R
678 3292 682 3356 Ι
705 3290 798 3343 αὐτῶν
816 3304 871 3343 om.
890 3287 937 3342 Ba.
1008 3293 1043 3342 22
1064 3306 1136 3358 σφε-

116 3358 216 3432 τέρων]
235 3354 336 3431 ἑτέρων
354 3361 380 3414 Α
456 3367 491 3416 24
514 3359 583 3430 μετδι
601 3359 652 3428 τὴν
671 3358 764 3429 μάχην
782 3357 888 3414 add.B
965 3364 999 3414 25
1022 3378 1135 3432 πεπρα-

117 3429 196 3500 χότες
215 3428 261 3485 οἷα
280 3431 335 3502 (vel
354 3433 400 3503 ὡς)
420 3450 443 3488 ο.
458 3431 547 3487 Cobet
566 3430 630 3485 Oba.
650 3449 677 3500 p.
693 3436 744 3486 185
