2424 3848
504 173 664 221 -Ζ-
1024 167 1088 232 113

76 329 133 417 μὲν
152 333 188 398 οί
203 333 320 409 παῖδες
339 333 448 397 αὐτῶν
468 332 503 396 οί
519 334 686 416 πρόσηβοί
703 355 737 397 τε
756 329 811 397 καὶ
828 341 889 397 τοῦ
906 332 1091 415 πομπεύειν

75 441 204 525 ἔχοντες
224 439 368 523 ἡλικίαν,
392 439 500 515 ίππείς
527 437 604 522 μέν,
634 432 682 503 ὧν
709 440 744 504 οί
768 438 905 521 πατέρες
926 440 1090 522 τιμήματα

74 543 199 611 ίππέων
228 541 336 631 εἶχον,
363 543 452 623 πεζοὶ
488 542 517 610 δ’
550 546 586 610 οί
610 544 785 629 μέλλοντες
814 544 851 610 έν
881 555 950 622 τοῖς
981 548 1090 624 πεζοῖς

8 652 326 739 85στρατεύεσθαι·
355 652 390 718 οί
415 649 477 736 μὲν
503 648 574 717 κατ’
608 657 679 728 ίλας
705 675 740 718 τε
767 650 822 717 καὶ
849 653 931 718 κατὰ
959 654 1089 738 λόχους,

73 761 106 826 οί
127 755 166 824 δέ
185 761 271 833 κατὰ
299 760 483 844 συμμορίας
509 781 543 823 τε
571 755 626 824 καὶ
654 757 760 836 τάξεις
787 759 831 835 ὡς
858 761 905 836 είς
932 760 1088 824 διδασκα-
1116 778 1130 818 5

73 871 164 933 λεῖον
192 868 425 950 πορευόμενοι·
449 865 505 929 ἵνα
531 865 660 949 φανερὰ
687 868 814 947 γίνοιτο
842 874 912 941 τοῖς
940 861 1088 948 ξένοιςη

75 969 241 1055 μέλλουσα
264 970 475 1056 ἀνδροῦσθαι
492 979 550 1055 τῆς
567 972 694 1047 πόλεως
716 970 802 1054 ἀκμη
825 973 956 1055 πλῆθός
977 993 1011 1035 τε
1034 969 1089 1037 καὶ

75 1078 194 1154 κάλλος
218 1077 272 1142 οἵα
294 1100 344 1154 τις
365 1071 416 1161 ἧν.
462 1077 592 1153 τούτοις
616 1077 830 1161 ἠκολούθουν
852 1076 982 1162 ἡνίοχοι
1005 1077 1126 1161 <τά>2

74 1182 240 1269 τέθριππά
253 1205 288 1247 τε
302 1180 357 1247 καὶ
373 1183 472 1267 <τάς>
487 1184 676 1269 συνωρίδας
689 1181 744 1249 καὶ
758 1185 836 1260 τοὺς
849 1182 1024 1261 ἀζεύκτους
1037 1184 1090 1248 ἵπ-

76 1311 158 1366 πους
172 1288 380 1366 ἐλαύνοντες·
397 1288 472 1374 μεθ’
492 1289 550 1366 οὓς
564 1291 600 1355 οί
610 1300 677 1355 τῶν
691 1289 894 1374 ἀθλημάτων
908 1288 1088 1372 ἀγωνισταὶ
1103 1311 1130 1351 ιο

76 1407 140 1461 τῶν
170 1419 205 1460 τε
235 1396 373 1480 κούφων
400 1394 456 1461 καὶ
482 1407 549 1462 τῶν
576 1394 706 1482 βαρέων
733 1399 770 1462 τὸ
799 1392 860 1482 μὲν
887 1397 969 1462 ἀλλο
997 1407 1090 1480 σῶμα

77 1504 217 1586 γυμνοί,
247 1504 284 1568 τὸ
314 1498 352 1567 δέ
380 1500 456 1587 περὶ
485 1504 546 1587 την
578 1505 661 1568 αίδῶ
691 1506 942 1587 καλυπτόμενοι.
991 1512 1089 1569 τοῦτο

76 1607 128 1675 καὶ
156 1611 204 1685 είς
232 1603 289 1692 ἐμὲ
315 1611 353 1674 τὸ
381 1611 460 1686 έθος
483 1609 520 1674 ἐν
537 1608 643 1695 Ῥώμη
671 1607 838 1693 διέμενεν,
865 1611 910 1688 ὡς
932 1609 964 1688 ἐξ
989 1609 1091 1697 ἀρχῆς

77 1713 202 1799 ἐγίνετο
229 1711 307 1797 παρ’
329 1711 500 1799 Ἕλλησιν·
532 1714 569 1780 έν
596 1712 633 1780 δὲ
661 1724 699 1800 τῇ
718 1712 852 1779 Ἑλλάδι
875 1714 1090 1782 καταλέλυται

76 1823 352 1906 Λακεδαιμονίων
375 1819 455 1886 αὐτὸ
478 1822 743 1886 καταλυσάντων.
780 1821 798 1886 ὁ
821 1817 858 1887 δὲ
875 1833 1003 1908 πρῶτος
1022 1806 1132 1919 ἐπι-135

77 1931 231 2013 χειρήσας
258 1926 470 2012 ἀποδυθῆναι
498 1930 535 1993 τὸ
560 1938 652 2012 σῶμα
674 1925 729 1992 καὶ
752 1930 877 2011 γυμνὸς
896 1922 1090 2012 Ὀλυμπίασι

79 2035 215 2120 δραμὼν
239 2030 292 2097 έπδ
314 2041 371 2117 τῆς
392 2033 684 2118 πεντεκαιδεκάτης
708 2033 911 2117 ὀλυμπιάδος
924 2032 1091 2111 ’Ἄκανθος

78 2140 93 2206 δ
115 2141 383 2224 Λακεδαιμόνιος
405 2136 456 2224 ἦν.
501 2142 542 2205 τὰ
565 2138 603 2205 δὲ
625 2143 688 2226 πρὸ
711 2141 840 2206 τούτων
863 2138 908 2206 δι’
932 2141 1091 2226 αἰσχύνης

77 2242 166 2333 εἶχον
202 2247 343 2323 ἀπαντες
366 2244 523 2330 Ἕλληνες
557 2247 618 2312 ὅλα
652 2247 762 2331 γυμνά
790 2251 924 2333 φαίνειν
955 2246 991 2313 ἐν
1020 2257 1090 2324 ταῖς

8 2351 234 2437 ῑθοάχωνίαις
256 2353 296 2418 τά
320 2354 465 2438 σώματα,
488 2353 532 2429 ὡς
546 2351 691 2439 Ὅμηρος
710 2366 889 2438 τεκμηριοῖ,
913 2355 1090 2440 μαρτύρων
1104 2377 1131 2415 20

76 2457 342 2539 ἀξιοπιστότατός
354 2482 389 2523 τε
407 2457 462 2524 καὶ
476 2458 690 2544 ἀρχαιότατος
708 2461 755 2525 ὢν
771 2460 999 2545 ζωννυμένους
1013 2464 1090 2537 τοὺς

75 2566 185 2652 ἥρωας
203 2575 317 2631 ποιῶν.
354 2565 416 2648 την
439 2574 523 2647 γοῦν
541 2571 685 2641 Αἴαντος
707 2562 763 2629 καὶ
782 2562 964 2642 Ὀδυσσέως
981 2566 1090 2650 πάλην

76 2671 127 2738 ἐπὶ
147 2680 188 2757 τῇ
208 2673 406 2756 Πατρόκλου
425 2680 512 2757 ταφῇ
532 2669 715 2755 γενομένην
740 2670 971 2757 ἀφηγούμενός
993 2688 1090 2756 φησι·

147 2797 200 2860 Τὼ
226 2791 263 2859 δὲ
288 2791 461 2895 ζωσαμένω
484 2797 589 2879 βήτην
612 2794 646 2872 ές
669 2791 792 2879 μέσσον
815 2793 941 2877 ἀγῶνα

148 2958 162 3006 1
184 2949 214 3006 οἱ
229 2950 366 3024 πρόςηβοι
383 2951 406 3003 Β
426 2948 456 3006 οί
473 2967 526 3005 om.
545 2951 571 3004 R
641 2958 659 3005 4
677 2949 740 3006 κατ’
758 2953 820 3013 ίλοις
837 2971 866 3005 τε
885 2948 934 3006 καὶ
952 2948 1052 3020 λόχους
1065 2937 1090 3005 οξ

75 3023 221 3092 Kiessling
271 3028 287 3076 ό
303 3023 339 3084 ὡς
353 3039 407 3078 om.
417 3022 464 3076 Ba
514 3023 555 3076 8*
564 3021 599 3076 τδι
609 3025 638 3077 et
647 3042 673 3077 v.
686 3029 717 3076 11
736 3022 785 3084 τὰς
804 3021 902 3076 addidi
911 3022 946 3075 cf.
957 3021 1009 3074 VII
1020 3028 1088 3090 63,1

76 3094 156 3150 9καλ
175 3095 279 3156 ἵππους
298 3093 447 3158 ἀζεύκτους
462 3110 486 3149 ο.
500 3092 645 3162 Kiessling
700 3100 732 3147 12
751 3093 787 3146 τά
805 3093 837 3148 δὲ
856 3110 879 3149 ο.
894 3091 999 3148 Reiske
1055 3098 1089 3148 13

74 3214 104 3286 έξ
124 3234 211 3288 supra
229 3217 279 3272 lim
294 3217 358 3271 add.
373 3217 419 3270 Bb
476 3225 507 3272 15
528 3217 542 3271 ὁ
561 3216 615 3287 χάρ
629 3234 652 3272 ο.
667 3216 771 3270 Reiske
832 3222 864 3271 16
883 3167 1062 3272 ἀποδυῗάιΒ
1084 3217 1087 3289 λ

76 3289 142 3346 όλον
160 3289 193 3345 τὸ
213 3297 290 3359 σῶμα
309 3304 333 3344 ο.
351 3289 456 3343 Reiske
472 3290 477 3358 Ι
493 3288 528 3345 cf.
541 3289 567 3344 J.
581 3289 702 3356 Rutgers
717 3289 754 3342 ad
767 3289 783 3342 ό
787 3287 838 3342 ulii
850 3287 977 3343 Africani
992 3287 1091 3358 Ὀλυμ

75 3360 189 3416 πιάδων
207 3359 377 3431 ἀναγραφήν
396 3379 424 3430 p.
444 3367 460 3416 6
534 3366 566 3414 19
585 3360 757 3428 ἀναφαίνειν
776 3359 801 3412 Α
877 3365 910 3413 21
930 3357 1092 3426 ἀξιοπιστό-

75 3452 156 3502 τερος
173 3431 200 3486 Α
276 3437 311 3486 24
329 3430 413 3501 μέσον
432 3432 485 3485 ΑΒ

130 3532 230 3572 Βῑοιιῐε.
244 3533 307 3572 Hm.
317 3532 362 3572 111.
390 3541 429 3571 nn.
444 3531 545 3571 ἀκαρεῖ.
912 3526 928 3573 8
