2378 3840
524 166 691 216 -Θ-

101 320 322 407 ἐμβοήσαντες
350 322 471 408 ἀθρόοι
498 328 675 412 κακιζούσῃ
702 336 741 412 τή
766 336 863 412 φωνῇ
888 331 949 395 τὸν
972 329 1109 414 ἡγεμόνα

101 427 312 513 ἐλοιδόρουν,
341 431 385 506 ὡς
410 434 554 507 πολλοὺς
577 444 675 516 σφῶν
697 431 752 498 καλ
774 433 928 516 ἀγαθούς
951 435 1152 502 ἀπολωλε-ιιιλ

100 537 179 599 κότα
212 533 256 599 δι’
288 535 441 622 ἀπειρίαν
473 548 533 603 τοῦ
566 551 774 623 στρατηγεῖν·
807 537 863 604 καί
895 541 982 627 ἄλλη
1012 547 1110 626 πολλή

99 642 292 729 βλασφημίᾳ
315 640 370 707 καὶ
393 643 612 728 ἀγανακτήσει
636 646 837 731 χρησάμενοι
860 647 957 711 λύειν
980 650 1040 713 τὸν
1061 648 1110 732 χά-

73 766 185 829 οραιια
207 745 262 812 καί
285 748 425 832 ἀπάγειν
449 760 534 835 σφᾶς
556 753 604 827 είς
625 752 686 835 τὴν
708 754 808 817 πόλιν
829 750 966 836 ἡξίουν,
991 753 1036 830 ὡς
1057 754 1109 838 οὐχ

101 852 235 930 ίκανούς
259 854 447 940 ἐσομένους,
472 855 529 922 ἐὰν
553 856 690 922 ἐπίωσιν
714 858 749 922 οί
767 855 933 941 πολέμιοι,
957 859 1110 945 δευτέραν

63 957 276 1044 ὗὺπομείναι
300 963 415 1048 μάχην.
452 960 507 1027 καὶ
526 964 602 1028 οὔτε
621 964 921 1048 μεταδιδάσκοντος
939 963 1108 1032 ἐπεύθοντο

99 1077 159 1132 τοῦ
181 1067 353 1152 ἡγεμόνος,
377 1067 447 1135 οὔτ’
470 1067 721 1153 ὀλοφυρομένου
740 1067 796 1135 καί
816 1070 1024 1150 ἱκετεύοντος
1042 1075 1109 1138 ἐπα-

100 1175 182 1257 σχόν
204 1198 236 1239 τι
259 1177 341 1260 πρὸς
363 1177 421 1251 τάς
444 1177 583 1261 δεήσεις,
607 1172 675 1240 οὔτ’
699 1175 835 1251 ἀπειλάς
855 1173 911 1240 καὶ
930 1175 1108 1260 ἀνατάσεις,

61 1298 87 1338 ιο
101 1278 198 1345 ὁπότε
221 1278 276 1345 καί
299 1282 433 1358 ταύταις
455 1285 626 1367 χρήσαιτο,
650 1278 694 1347 δι’
718 1282 891 1365 εὐλαβείας
914 1283 1109 1369 ἐλάμβανον,

98 1382 183 1452 ἀλλὰ
205 1389 287 1471 πρὸς
310 1387 438 1453 ἀπαντα
462 1392 703 1473 τραχυνόμενοι
726 1397 827 1453 ταῦτα
852 1387 1020 1473 διέμενον.
1064 1413 1109 1455 το-

99 1493 203 1577 σαύτη
219 1490 249 1558 δ’
264 1492 405 1579 ἀναρχία
423 1492 478 1558 καὶ
497 1497 740 1579 καταφρόνησις
759 1505 818 1560 τοῦ
836 1495 1002 1578 ἡγεμόνος
1016 1506 1109 1562 πᾶσιν

99 1596 132 1676 ἐξ
156 1598 266 1664 αὐτῶν
284 1598 441 1686 παρέστη,
464 1600 547 1665 ὥστε
566 1599 641 1682 περὶ
660 1600 760 1685 μέσας
777 1602 899 1678 νύκτας
917 1600 1110 1680 ἐξαναστάν-

97 1727 151 1780 τες
173 1703 231 1781 τάς
253 1728 287 1770 τε
312 1707 434 1789 σκηνάς
455 1708 555 1770 ἔλυον
572 1704 627 1770 καὶ
645 1707 685 1771 τά
704 1707 788 1771 ὅπλα
807 1705 1044 1792 ἀνελάμβανον
1061 1705 1109 1774 καί

58 1827 83 1867 15
97 1812 176 1887 τοὺς
197 1814 398 1895 τραυματίας
421 1810 599 1895 ἐβάσταζον
622 1812 761 1889 οὐδενὸς
783 1814 1013 1891 κελεύσαντος.

166 1915 242 1981 IIII.
279 1913 387 1982 Ταῦθ’
415 1918 433 1983 ό
462 1918 643 2001 στρατηγὸς
669 1919 791 2001 μαθὼν
813 1919 1012 2003 ἠναγκάσθη
1037 1929 1111 1987 πᾶσι

99 2022 220 2088 δοῦναι
241 2025 277 2088 τὸ
295 2023 510 2108 παράγγελμα
529 2032 586 2105 τῆς
605 2021 722 2101 ἐξόδου
742 2024 854 2099 δείσας
871 2023 933 2106 τήν
952 2023 1112 2112 ἀναρχίαν

101 2129 213 2194 αὐτῶν
235 2127 350 2194 καὶτὸ
373 2128 509 2214 θράσος.
551 2129 586 2193 οί
608 2125 637 2192 δ’
662 2128 771 2212 ὥσπερ
795 2127 831 2193 ἐκ
854 2138 964 2213 φυγῆς
988 2130 1113 2196 ἀνασο-

101 2237 233 2320 ζόμενοι
262 2235 351 2321 τάχει
381 2240 493 2322 πολλῷ
526 2234 731 2299 συνάπτουσι
761 2244 799 2318 τῇ
830 2237 924 2299 πόλει
952 2236 1031 2322 περὶ
1059 2240 1113 2303 τὸν

60 2361 87 2401 20
101 2340 241 2426 ὄρθρον.
285 2339 340 2405 καὶ
364 2342 400 2406 οί
420 2338 473 2405 ἐπὶ
495 2351 562 2404 τῶν
584 2351 701 2425 τειχῶν
724 2339 962 2425 ἀγνοήσαντες,
987 2343 1039 2408 ὅτι
1062 2347 1155 2428 qvi-1142

101 2450 175 2511 λιον
203 2442 246 2531 ἡν
274 2447 473 2531 στράτευμα,
501 2446 586 2511 ὅπλα
613 2441 641 2510 τ’
669 2444 846 2510 ἐνεδύοντο
873 2443 927 2509 καί
951 2446 1114 2533 ἀλλήλους

100 2552 297 2636 ἀνεκάλουν,
319 2553 340 2636 ἡ
363 2548 392 2616 τ’
420 2552 502 2635 άλλη
525 2555 632 2634 πόλις,
655 2552 699 2628 ὡς
721 2549 774 2616 ἐπὶ
798 2562 954 2638 συμφορᾷ
978 2555 1114 2641 μεγάλη,

99 2668 243 2745 ταραχῆς
266 2657 411 2739 ἐγεγόνει
434 2658 535 2741 μεστὴ
554 2656 609 2722 καὶ
627 2658 794 2743 θορύβου·
818 2656 872 2722 καί
892 2658 932 2722 οὐ
951 2663 1114 2746 πρότερον

101 2763 249 2854 ἀνέῳξαν
272 2763 384 2838 αὐτοῖς
408 2762 465 2838 τάς
488 2765 594 2842 πύλας
617 2765 652 2830 οί
671 2765 831 2849 φύλακες,
859 2764 879 2848 ἡ
903 2766 1059 2848 λαμπράν
1081 2789 1114 2831 τε

61 2888 87 2929 οε
101 2868 228 2953 ἡμέραν
251 2866 409 2951 γενέσθαι
432 2867 488 2932 καὶ
509 2877 704 2953 γνωσθῆναι
723 2873 759 2935 τὸ
779 2870 902 2935 οίκεϊον
922 2870 1113 2957 στράτευμα.

174 2997 186 3044 1
212 2985 409 3062 ἐμβοησάντων
432 2988 485 3042 ΑΒ
504 3007 573 3047 corr.
593 2991 715 3059 Sylburg
740 2994 744 3057 Ι
769 2991 914 3054 κακίζουσι
932 2998 966 3060 τῇ
985 3011 1014 3045 τε
1034 2999 1114 3062 φωνή

102 3093 135 3101 -
156 3061 205 3115 καί
224 3059 385 3132 ἐλοιδόρουν
403 3060 429 3113 Α
496 3061 660 3129 λάγαθοίις
679 3059 786 3128 ἀνδρας
805 3077 826 3114 c.
846 3058 951 3114 Reieke
1016 3069 1032 3116 9
1053 3063 1114 3118 ούτε

101 3131 151 3195 τὰς
169 3131 286 3194 ἀπειλὰς
305 3149 328 3187 ο.
347 3131 451 3185 Reiske
472 3135 476 3201 λ
497 3131 663 3193 ἀναστάσεις
680 3130 727 3183 Ba
819 3135 851 3183 10
870 3129 1050 3205 χρήσ<αι>το
1068 3133 1113 3187 Bb

103 3210 136 3257 13
157 3199 186 3269 ἐξ
206 3205 292 3272 αὐτῆς
310 3220 333 3258 ο.
348 3201 476 3257 Hertlein
495 3203 611 3256 Hermes
630 3201 656 3254 X
675 3206 727 3254 418
801 3207 833 3254 16
853 3199 965 3269 ἀφόδου
988 3222 1011 3259 ο.
1026 3204 1114 3260 Cobet

102 3273 168 3329 Obs.
187 3294 214 3345 p.
231 3281 281 3330 173
353 3278 389 3326 24
408 3273 532 3342 φύλακες
549 3271 567 3342 ἡ
586 3270 716 3341 λαμπρὰν
734 3270 757 3323 Β
777 3291 807 3338 φ.
828 3269 878 3333 ἕως
897 3273 1028 3344 λαμπρὰν
1042 3274 1111 3343 Ac!

101 3364 131 3398 τε
151 3345 216 3402 add.
235 3345 258 3399 Β
313 3351 347 3399 25
366 3343 408 3400 ὅτι
427 3342 532 3399 οίκείον
551 3361 607 3412 στρ.
627 3341 672 3397 vel
692 3339 796 3396 οἰκεῖον
816 3338 848 3395 δν
867 3342 897 3395 τὸ
917 3361 973 3412 στρ.
995 3363 1018 3399 ο.
1033 3346 1113 3400 Hert·

102 3414 161 3469 lein
178 3417 295 3470 Hermes
313 3416 331 3471 l.
346 3416 365 3470 1.
