2424 3848
103 129 168 193 242
526 133 692 181 -Η-

101 295 258 378 πείσομεν
282 290 336 376 δέ,
356 289 414 356 καὶ
437 287 527 357 τοῦτ’
555 289 665 368 οὐδεὶς
687 291 782 375 ὑμῶν
803 292 925 375 ἀγνοεῖ.
971 294 1122 378 χαλεπώ-

101 421 180 484 τερα
201 400 263 484 γάρ
288 397 330 462 ἀν
349 408 415 463 τῶν
439 399 483 482 μὴ
507 400 742 483 τυγχανόντων
765 397 957 464 ἀποτίσειαν
981 400 1017 465 οί
1036 411 1188 479 &ev-1695

103 504 240 582 σθέντες
266 513 323 588 τῆς
350 503 483 581 ἐλπίδος
505 502 560 569 καλ
583 505 622 570 τδι
646 502 896 589 ὁμολογηθέντα
918 507 963 590 μη
986 510 1122 592 κομιζό-

103 635 207 696 μενοι.
254 612 419 697 οίχησεται
447 612 488 694 δὴ
517 610 617 675 πάλιν
645 608 757 694 φέρων
786 611 907 689 αὐτοὺς
929 612 949 678 ὁ
971 614 1012 677 τά
1034 615 1122 700 πρὸς

75 718 229 802 τηδονὴν
251 721 518 801 πολιτευόμενος,
541 715 596 781 καὶ
615 713 694 782 οὐδὲ
713 727 779 782 τῶν
798 719 976 803 δημάρχων
999 743 1049 797 τις
1069 722 1121 786 ἔτι

66 821 178 910 3μεθ’
210 824 304 909 ἡμῶν
328 825 488 908 στήσεται.
508 870 510 874 ⁴
533 825 568 887 τί
592 816 654 887 οὖν
681 821 761 906 ὑμῖν
788 824 942 906 πράττειν
964 838 1120 911 παραινῶ

102 930 157 997 καὶ
180 935 214 997 τί
233 934 437 1016 προστίθημι
455 937 493 1013 τῇ
510 925 647 993 Ἀππίου
666 930 793 1015 γνώμη,
811 929 946 1014 μάθετε,
969 929 1054 996 ἀλλά
1072 935 1120 1017 μὴ

102 1037 362 1120 προεξαναστῆτε
391 1030 474 1120 μηδὲ
500 1036 728 1119 θορυβήσητε,
757 1033 838 1120 πρὶν
865 1037 994 1101 ὁίπαντα
1017 1035 1121 1104 ἀκού-

103 1161 190 1229 σητε,
219 1143 239 1209 ὁλ
267 1141 361 1227 λέγω.
407 1153 476 1218 τοῖς
503 1140 778 1226 αἱρεθησομένοις
801 1140 854 1208 έπὶ
877 1144 938 1226 τὴν
967 1141 1120 1221 ἐξέτασιν

65 1259 160 1335 ιοτῆς
189 1251 298 1335 χώρας
326 1247 383 1313 καλ
411 1250 627 1334 περιορισμὸν
657 1253 721 1312 είτε
750 1247 829 1313 δέκα
859 1247 1021 1335 ἀνδράσιν
1046 1249 1118 1317 εὖθ’

102 1352 322 1439 ὁσοισδήποτ”
348 1353 540 1440 ἐπιτρέψατε
564 1355 758 1438 διαγνῶναι,
785 1359 859 1420 τίνα
886 1352 913 1420 τ’
941 1355 1042 1439 αὐτῆς
1065 1359 1122 1424 δεῖ

101 1462 157 1528 καλ
180 1463 306 1546 ὁπόσην
329 1462 447 1546 κοινὴν
470 1457 555 1526 εἶναι
583 1461 717 1526 πάντων
740 1459 796 1526 καλ
818 1464 899 1527 κατὰ
921 1467 1120 1531 πενταετίαν

102 1567 332 1654 μισθουμένην
356 1567 469 1646 αὔξειν
488 1569 544 1644 τάς
566 1578 626 1633 τοῦ
644 1572 793 1652 ταμιείου
812 1571 1013 1654 προσόδους·
1038 1570 1120 1636 ὁπό-

102 1692 165 1760 σην
189 1672 216 1740 τ’
239 1668 281 1739 αὖ
302 1671 357 1738 καὶ
375 1674 493 1757 ἥντινα
512 1685 581 1750 τοῖς
599 1675 756 1758 δημόταις
775 1673 868 1760 ἡμῶν
887 1677 1118 1760 διαιρεθῆναι·

61 1810 87 1851 15
101 1781 144 1865 ἣν
163 1777 193 1845 δ’
217 1779 259 1845 ἀν
278 1779 400 1845 ἐκείνοι
422 1785 609 1866 κληροῦχον
628 1779 824 1858 ἀποδείξωσι
842 1791 916 1866 γῆν,
939 1781 1026 1867 ὑμᾶς
1045 1785 1120 1849 δια-

75 1966 78 1971 ,
101 1890 244 1971 γνόντας
258 1883 324 1951 εἴθ’
342 1886 464 1951 ὁίπασιν
479 1883 544 1951 εἴθ’
564 1878 614 1963 οἷς
632 1888 674 1970 δὴ
693 1884 799 1952 οὐκέτ’
824 1890 892 1953 ἔστι
910 1893 1033 1973 κλῆρος
1051 1895 1119 1956 είτε

32 2064 35 2070 ,
101 2004 171 2070 τοῖς
194 1991 367 2079 ἐλάχιστον
390 1995 503 2078 ἔχουσι
525 1997 647 2078 τίμημα
674 1989 740 2058 εἴθ’
767 1994 856 2071 ὁπως
878 1994 920 2060 ἀν
943 1997 1186 2080 βούλησθελθεε

11 2135 13 2140 ·
101 2111 307 2184 κατανεῖμαι·
332 2102 409 2176 τοὺς
424 2096 458 2163 »δ’
482 2099 614 2185 ὁριστὰς
632 2100 733 2184 αὐτῆς
750 2101 875 2186 ἀνδρας
897 2100 953 2167 καλ
976 2104 1014 2168 τὸ
1037 2102 1119 2187 ὁμέ-

102 2231 199 2292 τερον
226 2209 397 2292 ψήφισμα,
424 2206 442 2271 ὁ
470 2204 546 2288 περὶ
574 2214 631 2290 της
653 2211 851 2292 κληρουχίας
874 2206 1032 2292 ἐξοίσετε,
1060 2209 1117 2276 καλ

62 2342 89 2383 νο
102 2306 215 2397 τᾶλλα,
239 2312 299 2377 ὅσα
323 2314 377 2377 δεῖ
397 2310 570 2396 γενέσθαι,
596 2311 708 2396 ἐπειδὴ
731 2315 856 2399 βραχὺς
879 2313 897 2378 ὁ
920 2317 1119 2400 λειπόμενός

101 2419 171 2484 ἐστι
202 2428 258 2503 τῆς
284 2417 385 2505 ἀρχῆς
412 2430 482 2494 τοῖς
510 2418 647 2495 ὑπάτοις
673 2422 810 2504 χρόνος,
841 2422 920 2496 τοὺς
952 2422 1119 2502 εἰσιόντας

101 2527 257 2610 ὑπάτους,
276 2527 320 2603 ὡς
339 2525 381 2591 ἀν
400 2525 513 2602 αὐτοῖς
530 2525 686 2610 κράτιστα
705 2527 786 2611 δοκῇ
806 2524 906 2610 ἕξειν,
923 2526 1117 2595 ἐπιτελέσαι.

65 2634 179 2711 4οὔτε
201 2634 265 2719 γάρ
293 2632 416 2717 ὀλίγων
439 2637 617 2716 τηλικαῦτα
646 2633 819 2718 πράγματα
842 2634 948 2698 δεῖται
971 2638 1118 2722 χρόνων,

102 2741 178 2806 οὔτε
200 2740 220 2823 η
245 2748 309 2804 νῦν
333 2739 553 2816 στασιάζουσα
575 2737 658 2823 ἀρχὴ
682 2739 935 2824 φρονιμώτερον
956 2738 999 2805 διν
1017 2765 1118 2808 κατα-

61 2874 88 2915 ετ
101 2847 205 2933 μάθοι
230 2847 270 2910 τά
294 2843 505 2931 συμφέροντα
528 2854 584 2929 τῆς
607 2841 675 2929 μετ’
704 2844 808 2929 αὐτὴν
831 2843 1118 2933 ἀποδειχθησομέ-

174 3044 188 3091 1
209 3039 388 3108 χαλεπώτερα
406 3037 453 3090 Bb
479 3037 708 3107 χαλεπώτεροιΒ
815 3043 831 3091 2
851 3036 883 3091 ότ
898 3078 904 3090 .
920 3079 926 3092 .
943 3079 948 3090 .
964 3054 1045 3092 σειαν
1068 3039 1118 3095 Ba

100 3109 265 3165 ἀποτίσειαν
284 3109 309 3162 R
328 3107 520 3174 ἀπαντήσειαν
540 3108 699 3176 Stephanus
754 3113 770 3161 8
789 3107 883 3163 πάντα
898 3107 920 3162 0
935 3123 1003 3162 corr.
1019 3108 1117 3165 Kiess·

99 3181 161 3250 ling
252 3187 283 3234 11
305 3182 400 3243 αὐτοῖς
417 3179 465 3233 Bb
488 3181 574 3248 αὐτῆς
591 3179 617 3232 R
707 3184 740 3233 18
759 3179 824 3241 τοὸς
842 3178 873 3233 δὲ
897 3177 1009 3249 ὁριστὰς
1027 3182 1117 3252 αὐτῆς

101 3250 171 3306 δέκα
190 3252 297 3322 ἀνδρας
319 3252 470 3317 ἀποδεῖξαι
498 3267 520 3305 ο.
539 3249 643 3305 Reiske
733 3256 767 3303 23
787 3249 881 3318 ὀλίγον
905 3281 938 3290 --
962 3249 1067 3321 χρόνον
1091 3271 1116 3308 ο.

99 3322 274 3447 ἓοὸοὸᾒὲὁὸε.
293 3341 321 3392 p.
337 3331 386 3378 171
481 3328 515 3376 25
535 3319 602 3392 μεθ’
624 3317 727 3390 ἑαυτὴν
746 3320 771 3373 Α
790 3320 859 3391 μετὰ
876 3321 981 3390 ταύτην
1000 3322 1023 3375 Β
1043 3340 1116 3379 corr.

125 3410 181 3447 less
224 3412 244 3463 g
