2424 3848
513 192 677 240 -ι-
1058 189 1100 254 95

83 342 120 411 δδ
148 348 362 433 διχοστασίας
387 349 444 417 καὶ
471 348 624 434 πολέμων
648 348 834 434 ἐμφυλίων,
862 349 894 428 ἐξ
919 346 967 416 ών
989 355 1101 430 πόλεις

82 453 292 542 αὐτάνδρους
314 455 497 543 ἀπέφαινεν
516 456 705 542 ἀνηρησθαι
726 455 781 521 καὶ
799 459 882 541 ἔθνη
903 458 964 522 δία
983 459 1100 524 διολω-

81 560 190 629 λέναι·
218 569 419 650 παρακαλῶν
443 560 480 629 δέ
502 565 546 649 μη
569 564 610 629 τδι
632 565 730 649 χείρω
754 564 922 648 αἱρεῖσθαι
944 566 1009 648 πρὸ
1032 576 1099 630 τῶν

79 673 284 755 κρειττόνων
312 670 394 755 ὀργῇ
419 668 669 757 ἐπιτρέψαντας,
696 667 767 735 ἀλλ’
793 670 829 735 ἐκ
852 677 1013 757 λογισμοῦ
1037 673 1099 737 σώ-

80 800 211 862 φρονος
240 778 281 841 τὰ
313 775 474 861 μέλλοντα
505 777 604 863 δρῦν,
636 773 719 860 μηδέ
746 789 814 855 τοῖς
840 766 1006 856 κακίστοις
1032 790 1099 844 τών
1126 804 1139 844 τ

79 888 228 949 πολιτῶν
252 890 396 968 χρῆσθαι
421 884 624 968 συμβούλοις
645 881 721 968 περὶ
744 895 811 949 τῶν
833 888 997 968 μεγίστων
1020 889 1099 969 βου-

79 986 294 1073 λευομένους,
308 987 397 1082 ἀλλὰ
414 1001 483 1066 τοῖς
496 993 683 1074 κρατίστοις
696 992 813 1074 σφίσιν
827 986 913 1056 εἶναι
928 993 1099 1076 δοκοῦσιν,

78 1092 139 1180 ὑφ’
164 1090 212 1160 ών
235 1094 361 1182 ᾔδεσαν
384 1094 421 1161 ἐν
442 1097 558 1183 εἰρήνη
581 1119 616 1161 τε
639 1094 694 1162 καὶ
712 1098 793 1162 κατὰ
811 1094 975 1181 πολέμους
992 1100 1098 1163 πολλὰ

79 1200 300 1288 ὠφελημένην
322 1203 564 1288 τηνπατρίδα,
587 1194 637 1279 οἷς
660 1203 721 1268 οὐκ
744 1202 785 1268 διν
809 1205 1031 1268 δικαιώσωσιν
1054 1204 1099 1281 ὡς

79 1307 379 1393 μεταβεβλημένοις
400 1309 461 1392 την
484 1309 588 1393 φύσιν
610 1307 767 1375 ἀπιστεῖν.
804 1309 840 1374 ἓν
860 1305 896 1373 δέ
915 1294 1138 1410 κεφώλαιονχο)0

77 1410 123 1499 ἦν
152 1413 308 1480 ἁπάντων
336 1425 402 1480 τών
425 1419 551 1500 λόγων,
579 1417 743 1500 μηδεμίαν
766 1415 888 1493 αὐτοὺς
910 1414 1097 1499 ἐπενεγκεῖν

11 1522 163 1587 ιλσσκατά
185 1530 246 1586 τοῦ
264 1523 422 1605 Μαρκίου
441 1530 567 1607 ψῆφον,
591 1521 675 1587 ἀλλὰ
693 1522 832 1606 μάλιστα
851 1519 912 1606 μὲν
932 1516 976 1586 δι’
994 1523 1097 1588 αὐτὸν

77 1628 216 1713 ἀφεῖναι
239 1635 297 1709 τῆς
320 1628 413 1710 δίκης
433 1629 492 1693 τὸν
507 1628 624 1714 Ιἀνδρα
643 1626 1005 1711 ἀναμιμνησκομένους,
1028 1620 1097 1707 οἷος

76 1736 126 1811 είς
151 1735 190 1799 τὰ
207 1733 310 1798 ,κοινά
334 1731 462 1816 ἐγένετο
486 1732 542 1799 καὶ
566 1735 666 1811 ὅσους
687 1735 910 1818 κατώρθωσεν
932 1731 1016 1817 ὑπὲρ
1039 1746 1097 1820 τῆς

75 1849 196 1925 κοινῆς
219 1839 411 1926 ἐλευθερίας
432 1864 466 1905 τε
490 1839 545 1906 καὶ
568 1840 745 1925 ἡγεμονίας
767 1839 946 1926 πολέμους,
973 1841 1029 1907 καὶ
1052 1843 1096 1920 ώς
1110 1866 1136 1907 15

75 1948 157 2012 ούτε
175 1946 251 2011 ὅσια
268 1947 345 2012 οὔτε
360 1947 470 2013 δίκαια
484 1947 560 2012 ούτε
574 1949 784 2031 προσήκοντα
798 1952 894 2033 σφίσι
907 1950 1096 2032 ποιήσουσι,

73 2057 191 2136 λόγων
221 2049 282 2137 μὲν
312 2053 400 2140 αύτῷ
430 2063 710 2138 μνησικακοῦντες
738 2055 893 2139 φαύλων,
923 2056 1030 2137 ἔργων
1060 2052 1091 2118 δ’

74 2158 334 2246 ἀχαριστοῦντες
365 2164 484 2225 καλῶν.
535 2155 621 2224 εἶναι
654 2156 691 2225 δὲ
720 2158 775 2224 καὶ
804 2161 863 2225 τὸν
892 2162 1009 2247 καιρὸν
1039 2170 1131 2244 τῆς4

18 2343 22 2349 .
75 2263 229 2350 ἀφέσεως
255 2267 375 2350 καλόν,
403 2265 455 2330 ὅτε
483 2261 513 2348 γ’
541 2264 640 2342 αὐτὸς
666 2265 738 2348 ἥκει
764 2263 917 2351 παρέχων
940 2269 977 2333 τὸ
1001 2278 1094 2352 σώμα

74 2383 148 2448 τοῖς
166 2372 341 2456 διαφόροις
358 2369 413 2437 καὶ
431 2369 587 2456 στέρξων,
611 2371 629 2436 ὅ
648 2396 679 2437 τι
698 2371 740 2437 διν
759 2371 879 2438 ἐκεῖνοι
898 2372 972 2459 περὶ
991 2375 1094 2440 αὐτοῦ
1108 2402 1134 2441 ιο

75 2479 271 2561 διαγνῶσιν.
316 2479 348 2542 εί
374 2475 405 2543 δ’
432 2477 493 2563 οὐχ
521 2469 592 2543 οἷοί
616 2476 653 2543 τέ
678 2480 741 2543 εἰσι
765 2479 990 2545 διαλύσασθαι
1013 2483 1095 2563 πρὸς

76 2583 220 2668 ἐκείνου,
242 2582 327 2648 ἀλλὰ
344 2588 492 2669 χαλεπῶς
509 2582 564 2648 καὶ
585 2583 811 2669 ἀπαραιτήτως
829 2586 975 2670 ἔχουσιν,
994 2585 1094 2651 ἐνθυ-

76 2687 257 2774 μηθέντας,
280 2689 330 2754 ὅτι
348 2689 369 2774 ἡ
387 2691 492 2774 βουλὴ
511 2688 695 2775 δεησομένη
713 2688 789 2776 περὶ
808 2681 911 2757 αύτὸῦ
929 2692 1094 2775 πάρεισιν,

75 2797 199 2882 ἄνδρες
222 2797 258 2860 σί
277 2795 445 2882 κράτιστοι
467 2806 524 2881 τῆς
546 2800 673 2874 πόλεως
694 2800 893 2880 τριακόσιοι,
916 2803 1039 2862 παθεῖν
1061 2821 1093 2862 τι

75 2899 133 2967 καὶ
156 2900 399 2985 ἐπικλασθῆναι
422 2901 479 2979 τὰς
500 2904 644 2988 γνώμας,
667 2902 722 2969 καὶ
745 2905 789 2987 μη
809 2900 854 2967 δι’
877 2900 950 2978 ἑνὸς
969 2902 1093 2989 ἐχθροῦ
1107 2930 1133 2971 25

75 3011 238 3095 τιμωρίαν
270 3009 439 3073 τοσούτων
472 3007 587 3092 δέησιν
619 3009 817 3075 ἀπώσασθαι
849 3013 973 3094 φίλων,
1010 3008 1093 3075 ἀλλδι

147 3242 164 3291 ὁ
187 3242 316 3306 προορᾶν
340 3251 361 3289 ο.
381 3233 524 3307 Kiessling
547 3237 618 3307 ὁρᾶν
643 3236 697 3292 del.
716 3234 824 3304 Kayser
841 3235 912 3289 Ann.
932 3235 1002 3304 phil.
1024 3242 1092 3292 1868

76 3325 101 3377 p.
118 3311 171 3360 811
229 3313 245 3361 9
265 3307 380 3369 δικαίως
398 3306 444 3360 Ba
462 3309 648 3362 δικαιώσωσιν
668 3306 745 3375 ABb
765 3305 833 3361 ὥστε
852 3308 904 3361 οῦκ
922 3305 959 3360 ἂν
977 3310 1092 3370 δικαίως

75 3410 108 3419 -
127 3379 264 3432 ἀπιστεῖν.
278 3394 301 3432 ο.
321 3377 465 3448 Kiessling
484 3377 526 3442 οἷς
545 3381 596 3434 οῦκ
615 3377 652 3432 διν
671 3379 984 3441 δικαίως-ἀπιστοῖεν
1004 3377 1092 3433 Οοῦολι

75 3449 141 3508 Obs.
159 3453 258 3519 p.149
332 3454 365 3502 12
384 3447 424 3503 δι’
441 3450 526 3504 αύτδν
546 3450 592 3503 Ba
612 3446 651 3503 δι’
668 3450 760 3503 αὐτῶν
778 3449 856 3504 ABb
929 3456 962 3504 14
981 3449 1048 3512 ὅσας
1067 3454 1091 3502 Α
