2424 3848
511 186 674 233 -Ζ-
1058 183 1098 248 19

73 342 320 430 Ἀριστόδημον
351 340 408 408 καὶ
437 346 515 421 τοὺς
540 346 662 421 παῖδας
691 344 795 410 αὐτοῦ
821 341 876 409 καὶ
904 346 965 429 την
993 346 1098 430 άλλην

11 449 280 534 1338συγγένειαν
299 452 521 534 συλλαβόντες
534 450 610 536 άχρι
624 455 748 535 πολλῆς
761 453 881 528 νυκτὸς
895 452 1099 536 αίκιζόμενοί

76 579 110 622 τε
134 553 192 622 καὶ
216 559 454 641 στρεβλοῦντες
476 553 531 620 καὶ
549 565 651 621 πᾶσιν
671 557 716 633 ὡς
733 557 839 621 είπείν
858 560 1096 642 λυμαινόμενοι

76 674 192 739 κακοῖς
206 662 410 728 ἀπέκτειναν.
440 661 613 740 ἀνελόντες
632 658 669 726 δέ
687 663 747 746 την
761 666 964 749 τυραννικην
982 665 1123 731 οίκίαν4

76 772 275 854 πρόρριζον,
302 769 347 846 ὡς
373 771 454 854 μήτε
481 771 596 834 παιδία
623 772 703 854 μήτε
726 781 885 853 γυναῖκας
907 772 988 855 μήτε
1011 787 1090 856 συγ-
1115 796 1125 835 ι

77 874 210 959 γένειαν
234 878 382 960 μηθενὸς
400 875 509 941 αύτῶν
527 881 720 941 καταλιπεῖν
739 874 795 941 καὶ
814 873 858 941 δι’
879 877 957 961 ὅλης
975 879 1094 955 νυκτὸς

77 983 226 1058 ἅπαντας
253 980 545 1068 ἐξερευνησάμενοι
572 984 652 1059 τοὺς
679 986 863 1068 συνεργοὺς
889 993 947 1068 τῆς
974 1007 1093 1069 τυραν-

77 1090 172 1165 νίδος
206 1086 331 1175 ἡμέρας
366 1085 545 1172 γενομένης
575 1093 751 1174 προῆλθον
784 1090 831 1166 είς
862 1090 924 1172 την
956 1088 1091 1176 ἀγοράν.

10 1213 15 1225 ·
77 1197 188 1261 ἔπειτα
211 1191 471 1278 συγκαλέσαντες
497 1196 556 1260 τὸν
579 1196 686 1279 δῆμον
710 1196 758 1272 είς
781 1193 957 1279 ἐκκλησίαν
980 1194 1092 1261 ἀποτί-

76 1308 195 1368 θενται
214 1302 253 1366 τά
272 1301 356 1367 ὅπλα
374 1298 429 1366 καὶ
447 1301 519 1384 την.
526 1301 667 1387 πάτριον
680 1304 897 1366 καθίστανται
911 1306 1090 1368 πολιτείαν.
1106 1327 1132 1365 10

140 1405 218 1471 XII.
246 1403 319 1470 Ἐπί
345 1414 465 1472 τοῦτον
492 1407 534 1490 δη
562 1409 621 1472 τὸν
641 1403 879 1492 Ἀριστόδημον
910 1409 982 1485 ἐτος
1004 1407 1090 1493 ὁμοῦ

74 1537 107 1578 τι
129 1510 484 1597 τεσσαρεσκαιδέκατον
506 1514 571 1597 ἤδη
589 1522 820 1599 τυραννοῦντα
837 1515 955 1598 Κύμης
973 1515 1010 1580 οί
1025 1518 1088 1581 σὺν

79 1622 255 1709 Ταρκυνίῳ
268 1620 415 1703 φυγάδες
427 1619 666 1704 καθιστάμενοι
681 1620 741 1703 την
755 1621 837 1685 κατά
855 1629 914 1703 τῆς
932 1624 1090 1708 πατρίδος

73 1727 256 1812 ἐβούλοντο
284 1723 545 1791 συντελέσασθαι
572 1727 677 1810 δίκην.
716 1727 751 1791 oc
776 1723 814 1791 δὲ
840 1725 995 1813 πρέσβεις
1021 1739 1089 1795 τῶν

67 1831 239 1919 Ῥωμαίων
271 1830 352 1910 τέως
382 1829 444 1917 μὲν
477 1829 670 1915 ἀντέλεγον,
703 1831 748 1909 ὡς
779 1829 848 1898 ούτῗ
882 1832 935 1898 ἐπὶ
969 1845 1088 1902 τοῦτον
1104 1854 1128 1896 ιι

71 1942 211 2025 ἥκοντες
232 1941 290 2006 τὸν
313 1937 426 2023 ἀγῶνα
444 1936 514 2004 οὔτ’
537 1937 690 2016 ἐξουσίαν
711 1938 851 2024 ἔχοντες,
874 1939 916 2021 ἣν
936 1940 997 2005 οὐκ
1016 1940 1087 2006 ἐπέ-

70 2057 195 2134 τρεψεν
213 2045 327 2123 αὐτοῖς
343 2046 364 2129 η
382 2047 488 2131 βουλὴ
507 2043 653 2132 περὶτῆς
669 2047 796 2122 πόλεως
813 2045 1087 2131 ἀπολογήσασθαι

72 2154 210 2237 [δίκην].
247 2151 291 2228 ὡς
314 2147 343 2217 δ’
366 2147 471 2217 οὐθὲν
495 2148 681 2237 ἐπέραινον,
704 2149 776 2217 ἀλλ’
800 2151 1008 2235 ἐγκεκλικότα
1026 2150 1121 2220 τὸν2

68 2261 240 2347 τύραννον
268 2254 382 2344 ἑώρων
410 2256 464 2323 ἐπὶ
489 2257 615 2344 θάτερα
646 2255 729 2345 μέρη
763 2259 819 2323 διά
849 2259 908 2336 τάς
940 2261 1087 2338 σπουδάς

67 2363 125 2432 καὶ
145 2366 204 2441 τὰς
215 2367 434 2450 παρακλήσεις
452 2374 520 2431 τῶν
537 2364 710 2450 φυγάδων,
729 2365 942 2450 αἰτησάμενοι
960 2370 1085 2453 χρόνον
1100 2388 1126 2428 ιο

10 2475 118 2551 1339είς
138 2471 334 2555 ἀπολογίαν,
351 2469 405 2536 καὶ
425 2473 680 2556 διεγγυήσαντες
697 2472 736 2536 τά
756 2473 889 2556 σώματα
907 2475 1085 2559 χρημάτων

68 2579 106 2645 ἐν
129 2586 177 2664 τῷ
201 2579 256 2642 διά
279 2575 382 2661 μέσου
408 2585 467 2661 τῆς
495 2579 588 2661 δίκης
615 2577 758 2655 οὐθενὸς
785 2581 833 2643 ἔτι
861 2579 1085 2664 φυλάττοντος

68 2686 194 2760 αὐτοὺς
216 2683 418 2770 ἀποδράντες
441 2682 576 2772 ᾤχοντο.
612 2685 821 2771 θεράποντας
844 2682 874 2749 δ’
896 2685 1008 2750 αὐτῶν
1027 2683 1084 2750 καλ

66 2794 108 2857 τά
136 2791 299 2874 ὑποζύγια
324 2787 380 2855 καὶ
408 2791 447 2856 τά
478 2789 531 2855 ἐπὶ
557 2797 596 2875 τῇ
621 2794 757 2879 σιτωνίᾳ
779 2788 981 2875 κομισθέντα
1003 2792 1082 2875 χρη-

67 2919 155 2983 ματα
179 2897 197 2962 ὁ
221 2897 385 2983 τύραννος
406 2894 549 2982 κατέσχε.
586 2897 720 2974 ταύταις
742 2893 803 2981 μὲν
826 2890 889 2962 οὖν
910 2906 982 2972 ταῖς
1004 2876 1122 2993 πρε-ξ)5

67 3006 197 3089 σβείαις
217 3012 354 3069 τοιαῦτα
371 3004 558 3080 παθούσαις
581 3003 759 3090 ἀπράκτοις
777 2999 979 3088 ἀναστρέψαι
1002 3018 1081 3069 συν-

141 3235 175 3285 17
194 3229 469 3305 ἀπολογ<η>σασθαι
486 3231 533 3285 Bb
552 3232 756 3299 ἀπολογεῖσθαι
773 3230 799 3282 R
874 3234 905 3283 18
924 3228 1007 3298 δίκην
1025 3230 1080 3286 del.

64 3301 172 3357 Reisko
263 3309 296 3356 19
319 3301 428 3373 θάτερα
451 3299 485 3373 μέ
503 3322 521 3372 η
539 3303 562 3355 Β
589 3300 700 3370 θάτερα
721 3299 757 3353 τὰ
775 3297 809 3370 μέ
826 3320 844 3370 η
863 3300 889 3353 R
978 3306 1012 3355 20
1031 3300 1080 3355 καλ

63 3373 322 3507 1τιρὲιρυτςιαέρακλήσεις
339 3372 363 3425 Β
381 3373 430 3428 καὶ
446 3323 520 3429 a&
604 3378 639 3426 24
658 3372 786 3426 σιτωνίου
804 3321 851 3426 ὃν,
935 3376 970 3426 26
988 3370 1080 3442 ἀπρά-

881 3533 916 3586 2*
