<?xml version="1.0" encoding="UTF-8"?>
<!DOCTYPE html PUBLIC "-//W3C//DTD XHTML 1.0 Transitional//EN"
    "http://www.w3.org/TR/xhtml1/DTD/xhtml1-transitional.dtd">
<html xmlns="http://www.w3.org/1999/xhtml" xml:lang="en" lang="en">
 <head>
  <title>
</title>
<meta http-equiv="Content-Type" content="text/html;charset=utf-8" />
  <meta name='ocr-system' content='tesseract 3.04.00' />
  <meta name='ocr-capabilities' content='ocr_page ocr_carea ocr_par ocr_line ocrx_word'/>
</head>
<body>
  <div class='ocr_page' id='page_1' title='image "./dionysihalicarn04diongoog_0152.png"; bbox 0 0 2424 3848; ppageno 0'>
   <div class='ocr_carea' id='block_1_1' title="bbox 509 178 677 227">
    <p class='ocr_par' dir='ltr' id='par_1_1' title="bbox 509 178 677 227">
     <span class='ocr_line' id='line_1_1' title="bbox 509 178 677 227; baseline 0.006 -13"><span class='ocrx_word' id='word_1_1' title='bbox 509 178 677 227; x_wconf 81' lang='grc' dir='ltr'><strong><em>..Η-</em></strong></span> 
     </span>
    </p>
   </div>
   <div class='ocr_carea' id='block_1_2' title="bbox 38 333 1147 3085">
    <p class='ocr_par' dir='ltr' id='par_1_2' title="bbox 82 333 1144 1596">
     <span class='ocr_line' id='line_1_2' title="bbox 149 333 1103 425; baseline 0.004 -23"><span class='ocrx_word' id='word_1_2' title='bbox 149 336 242 402; x_wconf 87' lang='grc' dir='ltr'><strong><em>ΧΠΙ.</em></strong></span> <span class='ocrx_word' id='word_1_3' title='bbox 281 333 414 421; x_wconf 77' lang='grc' dir='ltr'><strong><em>Ἐπειδὴ</em></strong></span> <span class='ocrx_word' id='word_1_4' title='bbox 450 333 487 402; x_wconf 73' lang='grc' dir='ltr'><strong><em>δὲ</em></strong></span> <span class='ocrx_word' id='word_1_5' title='bbox 517 346 661 422; x_wconf 79' lang='grc' dir='ltr'><strong><em>συνῆκτο</em></strong></span> <span class='ocrx_word' id='word_1_6' title='bbox 690 338 754 422; x_wconf 70' lang='grc' dir='ltr'><strong><em>ἤδη</em></strong></span> <span class='ocrx_word' id='word_1_7' title='bbox 783 349 872 405; x_wconf 88' lang='grc' dir='ltr'><strong><em>πάσα</em></strong></span> <span class='ocrx_word' id='word_1_8' title='bbox 902 339 922 423; x_wconf 77' lang='grc' dir='ltr'><em>ἡ</em></span> <span class='ocrx_word' id='word_1_9' title='bbox 953 341 1103 425; x_wconf 79' lang='grc' dir='ltr'><strong><em>δύναμις,</em></strong></span> 
     </span>
     <span class='ocr_line' id='line_1_3' title="bbox 92 437 1105 532; baseline 0.008 -27"><span class='ocrx_word' id='word_1_10' title='bbox 92 437 282 527; x_wconf 77' lang='grc' dir='ltr'><strong><em>ἐβουλεύετο</em></strong></span> <span class='ocrx_word' id='word_1_11' title='bbox 313 444 394 528; x_wconf 86' lang='grc' dir='ltr'><strong><em>μετά</em></strong></span> <span class='ocrx_word' id='word_1_12' title='bbox 422 453 483 510; x_wconf 85' lang='grc' dir='ltr'><strong><em>τοῦ</em></strong></span> <span class='ocrx_word' id='word_1_13' title='bbox 513 445 737 530; x_wconf 78' lang='grc' dir='ltr'><strong><em>συνάρχοντος</em></strong></span> <span class='ocrx_word' id='word_1_14' title='bbox 767 446 785 512; x_wconf 88' lang='grc' dir='ltr'>ὁ</span> <span class='ocrx_word' id='word_1_15' title='bbox 814 446 984 532; x_wconf 85' lang='grc' dir='ltr'><strong><em>Μάρκιος,</em></strong></span> <span class='ocrx_word' id='word_1_16' title='bbox 1016 447 1105 526; x_wconf 83' lang='grc' dir='ltr'><strong><em>ὅπως</em></strong></span> 
     </span>
     <span class='ocr_line' id='line_1_4' title="bbox 88 547 1103 637; baseline 0.003 -22"><span class='ocrx_word' id='word_1_17' title='bbox 88 548 245 635; x_wconf 76' lang='grc' dir='ltr'><strong><em>χρηστέον</em></strong></span> <span class='ocrx_word' id='word_1_18' title='bbox 267 560 338 626; x_wconf 91' lang='grc' dir='ltr'><strong><em>τοῖς</em></strong></span> <span class='ocrx_word' id='word_1_19' title='bbox 361 555 489 628; x_wconf 78' lang='grc' dir='ltr'><strong><em>λοιποῖς</em></strong></span> <span class='ocrx_word' id='word_1_20' title='bbox 511 550 711 636; x_wconf 78' lang='grc' dir='ltr'><strong><em>πράγμασιν.</em></strong></span> <span class='ocrx_word' id='word_1_21' title='bbox 757 554 819 637; x_wconf 80' lang='grc' dir='ltr'><strong><em>ἔφη</em></strong></span> <span class='ocrx_word' id='word_1_22' title='bbox 844 551 874 618; x_wconf 79' lang='grc' dir='ltr'><strong><em>δ’</em></strong></span> <span class='ocrx_word' id='word_1_23' title='bbox 896 547 959 620; x_wconf 86' lang='grc' dir='ltr'><strong><em>οὖν</em></strong></span> <span class='ocrx_word' id='word_1_24' title='bbox 982 552 1103 636; x_wconf 85' lang='grc' dir='ltr'><strong><em>λέγων·</em></strong></span> 
     </span>
     <span class='ocr_line' id='line_1_5' title="bbox 85 651 1104 744; baseline 0.005 -24"><span class='ocrx_word' id='word_1_25' title='bbox 85 651 172 741; x_wconf 80' lang='grc' dir='ltr'><strong><em>Ἐμοὶ</em></strong></span> <span class='ocrx_word' id='word_1_26' title='bbox 196 658 305 741; x_wconf 77' lang='grc' dir='ltr'><strong><em>δοκεῖ,</em></strong></span> <span class='ocrx_word' id='word_1_27' title='bbox 332 651 359 721; x_wconf 82' lang='grc' dir='ltr'><em>ὦ</em></span> <span class='ocrx_word' id='word_1_28' title='bbox 387 658 509 741; x_wconf 88' lang='grc' dir='ltr'><strong><em>Τύλλε,</em></strong></span> <span class='ocrx_word' id='word_1_29' title='bbox 536 657 712 743; x_wconf 90' lang='grc' dir='ltr'><strong><em>κράτιστον</em></strong></span> <span class='ocrx_word' id='word_1_30' title='bbox 735 653 820 724; x_wconf 82' lang='grc' dir='ltr'><strong><em>εἶναι</em></strong></span> <span class='ocrx_word' id='word_1_31' title='bbox 843 663 1023 744; x_wconf 75' lang='grc' dir='ltr'><strong><em>νείμασθαι</em></strong></span> <span class='ocrx_word' id='word_1_32' title='bbox 1046 661 1104 738; x_wconf 80' lang='grc' dir='ltr'><strong><em>τὰς</em></strong></span> 
     </span>
     <span class='ocr_line' id='line_1_6' title="bbox 86 760 1143 862; baseline 0.006 -36"><span class='ocrx_word' id='word_1_33' title='bbox 86 762 243 846; x_wconf 77' lang='grc' dir='ltr'><strong><em>δυνάμεις</em></strong></span> <span class='ocrx_word' id='word_1_34' title='bbox 261 762 345 848; x_wconf 77' lang='grc' dir='ltr'><strong><em>ἡμᾶς</em></strong></span> <span class='ocrx_word' id='word_1_35' title='bbox 360 763 448 848; x_wconf 75' lang='grc' dir='ltr'><strong><em>διχῇ·</em></strong></span> <span class='ocrx_word' id='word_1_36' title='bbox 472 764 583 828; x_wconf 80' lang='grc' dir='ltr'><strong><em>ἔπειτα</em></strong></span> <span class='ocrx_word' id='word_1_37' title='bbox 595 766 655 862; x_wconf 69' lang='grc' dir='ltr'><strong><em>τόν</em></strong></span> <span class='ocrx_word' id='word_1_38' title='bbox 669 760 730 848; x_wconf 72' lang='grc' dir='ltr'><strong><em>μέν</em></strong></span> <span class='ocrx_word' id='word_1_39' title='bbox 745 763 858 855; x_wconf 77' lang='grc' dir='ltr'><strong><em>ἕτερον</em></strong></span> <span class='ocrx_word' id='word_1_40' title='bbox 871 766 965 851; x_wconf 78' lang='grc' dir='ltr'><strong><em>ἡμῶν</em></strong></span> <span class='ocrx_word' id='word_1_41' title='bbox 979 768 1103 849; x_wconf 86' lang='grc' dir='ltr'><strong><em>ἀγοντα</em></strong></span> <span class='ocrx_word' id='word_1_42' title='bbox 1129 789 1143 831; x_wconf 85' lang='grc' dir='ltr'><strong><em>ι</em></strong></span> 
     </span>
     <span class='ocr_line' id='line_1_7' title="bbox 84 867 1104 959; baseline 0.006 -26"><span class='ocrx_word' id='word_1_43' title='bbox 84 872 163 946; x_wconf 86' lang='grc' dir='ltr'><strong><em>τοὺς</em></strong></span> <span class='ocrx_word' id='word_1_44' title='bbox 196 869 436 953; x_wconf 80' lang='grc' dir='ltr'><strong><em>ἀκμαιοτάτους</em></strong></span> <span class='ocrx_word' id='word_1_45' title='bbox 465 867 520 934; x_wconf 78' lang='grc' dir='ltr'><strong><em>καὶ</em></strong></span> <span class='ocrx_word' id='word_1_46' title='bbox 549 872 826 956; x_wconf 80' lang='grc' dir='ltr'><strong><em>προθυμοτάτους</em></strong></span> <span class='ocrx_word' id='word_1_47' title='bbox 854 873 954 957; x_wconf 85' lang='grc' dir='ltr'><strong><em>ὁμόσε</em></strong></span> <span class='ocrx_word' id='word_1_48' title='bbox 984 885 1104 959; x_wconf 79' lang='grc' dir='ltr'><strong><em>χωρεῖν</em></strong></span> 
     </span>
     <span class='ocr_line' id='line_1_8' title="bbox 84 974 1104 1064; baseline 0.007 -25"><span class='ocrx_word' id='word_1_49' title='bbox 84 988 152 1054; x_wconf 90' lang='grc' dir='ltr'><strong><em>τοῖς</em></strong></span> <span class='ocrx_word' id='word_1_50' title='bbox 174 979 347 1061; x_wconf 88' lang='grc' dir='ltr'><strong><em>πολεμίοις</em></strong></span> <span class='ocrx_word' id='word_1_51' title='bbox 371 975 639 1064; x_wconf 84' lang='grc' dir='ltr'><strong><em>[μαχησόμενον],</em></strong></span> <span class='ocrx_word' id='word_1_52' title='bbox 663 976 719 1042; x_wconf 82' lang='grc' dir='ltr'><strong><em>καὶ</em></strong></span> <span class='ocrx_word' id='word_1_53' title='bbox 740 980 773 1042; x_wconf 92' lang='grc' dir='ltr'><strong><em>εί</em></strong></span> <span class='ocrx_word' id='word_1_54' title='bbox 793 974 855 1062; x_wconf 71' lang='grc' dir='ltr'><strong><em>μὲν</em></strong></span> <span class='ocrx_word' id='word_1_55' title='bbox 877 979 1104 1064; x_wconf 87' lang='grc' dir='ltr'><strong><em>ὑπομενοῦσιν</em></strong></span> 
     </span>
     <span class='ocr_line' id='line_1_9' title="bbox 84 1080 1106 1172; baseline 0.005 -26"><span class='ocrx_word' id='word_1_56' title='bbox 84 1084 129 1160; x_wconf 82' lang='grc' dir='ltr'><strong><em>είς</em></strong></span> <span class='ocrx_word' id='word_1_57' title='bbox 156 1093 270 1168; x_wconf 86' lang='grc' dir='ltr'><strong><em>χεῖρας</em></strong></span> <span class='ocrx_word' id='word_1_58' title='bbox 296 1082 376 1166; x_wconf 81' lang='grc' dir='ltr'><strong><em>ἡμῖν</em></strong></span> <span class='ocrx_word' id='word_1_59' title='bbox 401 1080 486 1155; x_wconf 87' lang='grc' dir='ltr'><strong><em>ίέναι</em></strong></span> <span class='ocrx_word' id='word_1_60' title='bbox 509 1092 570 1169; x_wconf 78' lang='grc' dir='ltr'><strong><em>μιᾷ</em></strong></span> <span class='ocrx_word' id='word_1_61' title='bbox 590 1093 702 1169; x_wconf 92' lang='grc' dir='ltr'><strong><em>κρῖναι</em></strong></span> <span class='ocrx_word' id='word_1_62' title='bbox 724 1085 785 1149; x_wconf 90' lang='grc' dir='ltr'><strong><em>τὸν</em></strong></span> <span class='ocrx_word' id='word_1_63' title='bbox 808 1084 920 1168; x_wconf 81' lang='grc' dir='ltr'><strong><em>ἀγῶνα</em></strong></span> <span class='ocrx_word' id='word_1_64' title='bbox 943 1086 1047 1172; x_wconf 79' lang='grc' dir='ltr'><strong><em>μάχη,</em></strong></span> <span class='ocrx_word' id='word_1_65' title='bbox 1074 1089 1106 1151; x_wconf 91' lang='grc' dir='ltr'><strong><em>εί</em></strong></span> 
     </span>
     <span class='ocr_line' id='line_1_10' title="bbox 86 1186 1104 1281; baseline 0.007 -31"><span class='ocrx_word' id='word_1_66' title='bbox 86 1186 113 1250; x_wconf 83' lang='grc' dir='ltr'><strong><em>θ’</em></strong></span> <span class='ocrx_word' id='word_1_67' title='bbox 125 1188 391 1272; x_wconf 76' lang='grc' dir='ltr'><strong><em>ἀποκνήσουσιν,</em></strong></span> <span class='ocrx_word' id='word_1_68' title='bbox 405 1187 450 1264; x_wconf 82' lang='grc' dir='ltr'><strong><em>ὡς</em></strong></span> <span class='ocrx_word' id='word_1_69' title='bbox 463 1187 528 1271; x_wconf 80' lang='grc' dir='ltr'><strong><em>ἐγὼ</em></strong></span> <span class='ocrx_word' id='word_1_70' title='bbox 542 1192 713 1274; x_wconf 88' lang='grc' dir='ltr'><strong><em>πείθομαι,</em></strong></span> <span class='ocrx_word' id='word_1_71' title='bbox 727 1200 866 1278; x_wconf 78' lang='grc' dir='ltr'><strong><em>στρατιᾷ</em></strong></span> <span class='ocrx_word' id='word_1_72' title='bbox 878 1191 1104 1281; x_wconf 78' lang='grc' dir='ltr'><strong><em>νεοσυλλέκτῳ</em></strong></span> 
     </span>
     <span class='ocr_line' id='line_1_11' title="bbox 85 1293 1144 1383; baseline 0 -23"><span class='ocrx_word' id='word_1_73' title='bbox 85 1294 137 1360; x_wconf 82' lang='grc' dir='ltr'><strong><em>καὶ</em></strong></span> <span class='ocrx_word' id='word_1_74' title='bbox 166 1295 332 1380; x_wconf 71' lang='grc' dir='ltr'><strong><em>ᾐγεμόσιν</em></strong></span> <span class='ocrx_word' id='word_1_75' title='bbox 364 1293 511 1380; x_wconf 82' lang='grc' dir='ltr'><strong><em>ἀπείροις</em></strong></span> <span class='ocrx_word' id='word_1_76' title='bbox 540 1294 688 1379; x_wconf 88' lang='grc' dir='ltr'><strong><em>πολέμου</em></strong></span> <span class='ocrx_word' id='word_1_77' title='bbox 716 1300 775 1363; x_wconf 89' lang='grc' dir='ltr'><strong><em>τὸν</em></strong></span> <span class='ocrx_word' id='word_1_78' title='bbox 805 1293 888 1383; x_wconf 75' lang='grc' dir='ltr'><strong><em>ὑπὲρ</em></strong></span> <span class='ocrx_word' id='word_1_79' title='bbox 918 1308 984 1363; x_wconf 83' lang='grc' dir='ltr'><strong><em>τῶν</em></strong></span> <span class='ocrx_word' id='word_1_80' title='bbox 1014 1298 1103 1363; x_wconf 86' lang='grc' dir='ltr'><strong><em>ὅλων</em></strong></span> <span class='ocrx_word' id='word_1_81' title='bbox 1118 1322 1144 1360; x_wconf 80' lang='grc' dir='ltr'><strong><em>ιο</em></strong></span> 
     </span>
     <span class='ocr_line' id='line_1_12' title="bbox 84 1397 1105 1489; baseline 0.001 -21"><span class='ocrx_word' id='word_1_82' title='bbox 84 1403 249 1468; x_wconf 79' lang='grc' dir='ltr'><strong><em>κίνδυνον</em></strong></span> <span class='ocrx_word' id='word_1_83' title='bbox 285 1397 486 1486; x_wconf 80' lang='grc' dir='ltr'><strong><em>ἐπιτρέπειν,</em></strong></span> <span class='ocrx_word' id='word_1_84' title='bbox 523 1404 584 1485; x_wconf 83' lang='grc' dir='ltr'><strong><em>τήν</em></strong></span> <span class='ocrx_word' id='word_1_85' title='bbox 616 1425 651 1467; x_wconf 90' lang='grc' dir='ltr'><strong><em>τε</em></strong></span> <span class='ocrx_word' id='word_1_86' title='bbox 683 1405 794 1489; x_wconf 87' lang='grc' dir='ltr'><strong><em>χώραν</em></strong></span> <span class='ocrx_word' id='word_1_87' title='bbox 826 1404 938 1470; x_wconf 85' lang='grc' dir='ltr'><strong><em>αὐτῶν</em></strong></span> <span class='ocrx_word' id='word_1_88' title='bbox 970 1403 1105 1470; x_wconf 80' lang='grc' dir='ltr'><strong><em>ἐπιόντα</em></strong></span> 
     </span>
     <span class='ocr_line' id='line_1_13' title="bbox 82 1505 1105 1596; baseline 0 -19"><span class='ocrx_word' id='word_1_89' title='bbox 82 1514 231 1596; x_wconf 75' lang='grc' dir='ltr'><strong><em>πορθεῖν</em></strong></span> <span class='ocrx_word' id='word_1_90' title='bbox 258 1505 314 1573; x_wconf 75' lang='grc' dir='ltr'><strong><em>καί</em></strong></span> <span class='ocrx_word' id='word_1_91' title='bbox 341 1511 419 1584; x_wconf 89' lang='grc' dir='ltr'><strong><em>τοὺς</em></strong></span> <span class='ocrx_word' id='word_1_92' title='bbox 448 1509 639 1593; x_wconf 88' lang='grc' dir='ltr'><strong><em>συμμάχους</em></strong></span> <span class='ocrx_word' id='word_1_93' title='bbox 665 1520 830 1596; x_wconf 88' lang='grc' dir='ltr'><strong><em>περισπᾶν</em></strong></span> <span class='ocrx_word' id='word_1_94' title='bbox 855 1509 910 1576; x_wconf 85' lang='grc' dir='ltr'><strong><em>καὶ</em></strong></span> <span class='ocrx_word' id='word_1_95' title='bbox 932 1512 989 1588; x_wconf 81' lang='grc' dir='ltr'><strong><em>τὰς</em></strong></span> <span class='ocrx_word' id='word_1_96' title='bbox 1011 1510 1105 1577; x_wconf 93' lang='grc' dir='ltr'><strong><em>ἀποι-</em></strong></span> 
     </span>
    </p>

    <p class='ocr_par' dir='ltr' id='par_1_3' title="bbox 38 1612 1147 3085">
     <span class='ocr_line' id='line_1_14' title="bbox 38 1612 1104 1699; baseline 0.005 -22"><span class='ocrx_word' id='word_1_97' title='bbox 38 1615 158 1692; x_wconf 69' lang='grc' dir='ltr'><strong><em>ἒθκίας</em></strong></span> <span class='ocrx_word' id='word_1_98' title='bbox 181 1613 332 1699; x_wconf 82' lang='grc' dir='ltr'><strong><em>ἀναιρεῖν</em></strong></span> <span class='ocrx_word' id='word_1_99' title='bbox 355 1612 410 1678; x_wconf 79' lang='grc' dir='ltr'><strong><em>καὶ</em></strong></span> <span class='ocrx_word' id='word_1_100' title='bbox 432 1623 500 1679; x_wconf 88' lang='grc' dir='ltr'><strong><em>πᾶν</em></strong></span> <span class='ocrx_word' id='word_1_101' title='bbox 522 1616 604 1680; x_wconf 84' lang='grc' dir='ltr'><strong><em>ἀλλο</em></strong></span> <span class='ocrx_word' id='word_1_102' title='bbox 622 1617 725 1681; x_wconf 89' lang='grc' dir='ltr'><strong><em>κακὸν</em></strong></span> <span class='ocrx_word' id='word_1_103' title='bbox 744 1616 763 1680; x_wconf 86' lang='grc' dir='ltr'>ὅ</span> <span class='ocrx_word' id='word_1_104' title='bbox 781 1640 812 1681; x_wconf 90' lang='grc' dir='ltr'><strong><em>τι</em></strong></span> <span class='ocrx_word' id='word_1_105' title='bbox 832 1617 968 1683; x_wconf 79' lang='grc' dir='ltr'><strong><em>δύναιτο</em></strong></span> <span class='ocrx_word' id='word_1_106' title='bbox 986 1628 1104 1684; x_wconf 88' lang='grc' dir='ltr'><strong><em>ποιεῖν.</em></strong></span> 
     </span>
     <span class='ocr_line' id='line_1_15' title="bbox 75 1717 1140 1810; baseline 0.006 -24"><span class='ocrx_word' id='word_1_107' title='bbox 75 1726 141 1791; x_wconf 87' lang='grc' dir='ltr'><strong><em>τὸν</em></strong></span> <span class='ocrx_word' id='word_1_108' title='bbox 173 1717 205 1786; x_wconf 77' lang='grc' dir='ltr'><strong><em>δ’</em></strong></span> <span class='ocrx_word' id='word_1_109' title='bbox 234 1719 347 1806; x_wconf 78' lang='grc' dir='ltr'><strong><em>ἕτερον</em></strong></span> <span class='ocrx_word' id='word_1_110' title='bbox 366 1719 497 1810; x_wconf 25' lang='grc' dir='ltr'><strong><em>,ε’νθάόε</em></strong></span> <span class='ocrx_word' id='word_1_111' title='bbox 527 1720 736 1805; x_wconf 86' lang='grc' dir='ltr'><strong><em>ὑπομένοντα</em></strong></span> <span class='ocrx_word' id='word_1_112' title='bbox 758 1723 911 1807; x_wconf 81' lang='grc' dir='ltr'><strong><em>φυλακην</em></strong></span> <span class='ocrx_word' id='word_1_113' title='bbox 933 1731 1140 1794; x_wconf 80' lang='grc' dir='ltr'><strong><em>ποιεῖσθαι2</em></strong></span> 
     </span>
     <span class='ocr_line' id='line_1_16' title="bbox 72 1823 1145 1915; baseline 0 -23"><span class='ocrx_word' id='word_1_114' title='bbox 72 1838 140 1914; x_wconf 82' lang='grc' dir='ltr'><strong><em>τῆς</em></strong></span> <span class='ocrx_word' id='word_1_115' title='bbox 161 1849 198 1892; x_wconf 91' lang='grc' dir='ltr'><strong><em>τε</em></strong></span> <span class='ocrx_word' id='word_1_116' title='bbox 217 1828 325 1911; x_wconf 83' lang='grc' dir='ltr'><strong><em>χώρας</em></strong></span> <span class='ocrx_word' id='word_1_117' title='bbox 343 1823 398 1890; x_wconf 83' lang='grc' dir='ltr'><strong><em>καὶ</em></strong></span> <span class='ocrx_word' id='word_1_118' title='bbox 416 1837 483 1892; x_wconf 80' lang='grc' dir='ltr'><strong><em>τῶν</em></strong></span> <span class='ocrx_word' id='word_1_119' title='bbox 502 1830 645 1911; x_wconf 90' lang='grc' dir='ltr'><strong><em>πόλεων,</em></strong></span> <span class='ocrx_word' id='word_1_120' title='bbox 668 1828 712 1912; x_wconf 78' lang='grc' dir='ltr'><strong><em>μὴ</em></strong></span> <span class='ocrx_word' id='word_1_121' title='bbox 731 1829 884 1895; x_wconf 84' lang='grc' dir='ltr'><strong><em>λάθωσιν</em></strong></span> <span class='ocrx_word' id='word_1_122' title='bbox 903 1829 1106 1915; x_wconf 85' lang='grc' dir='ltr'><strong><em>ἀφυλάκτοις</em></strong></span> <span class='ocrx_word' id='word_1_123' title='bbox 1120 1851 1145 1893; x_wconf 81' lang='lat'><strong><em>15</em></strong></span> 
     </span>
     <span class='ocr_line' id='line_1_17' title="bbox 70 1932 1105 2022; baseline 0.002 -21"><span class='ocrx_word' id='word_1_124' title='bbox 70 1935 298 2011; x_wconf 76' lang='grc' dir='ltr'><strong><em>ἐπιπεσόντες</em></strong></span> <span class='ocrx_word' id='word_1_125' title='bbox 320 1932 433 2010; x_wconf 88' lang='grc' dir='ltr'><strong><em>αὐτοῖς</em></strong></span> <span class='ocrx_word' id='word_1_126' title='bbox 456 1933 491 1998; x_wconf 87' lang='grc' dir='ltr'><strong><em>οί</em></strong></span> <span class='ocrx_word' id='word_1_127' title='bbox 510 1932 673 2018; x_wconf 88' lang='grc' dir='ltr'><strong><em>πολέμιοι,</em></strong></span> <span class='ocrx_word' id='word_1_128' title='bbox 696 1932 751 1999; x_wconf 85' lang='grc' dir='ltr'><strong><em>καὶ</em></strong></span> <span class='ocrx_word' id='word_1_129' title='bbox 773 1945 907 2020; x_wconf 85' lang='grc' dir='ltr'><strong><em>πρᾶγμα</em></strong></span> <span class='ocrx_word' id='word_1_130' title='bbox 930 1961 951 2000; x_wconf 94' lang='grc' dir='ltr'><strong><em>α</em></strong></span> <span class='ocrx_word' id='word_1_131' title='bbox 953 1943 1105 2022; x_wconf 86' lang='grc' dir='ltr'><strong><em>ἰσχιστον</em></strong></span> 
     </span>
     <span class='ocr_line' id='line_1_18' title="bbox 71 2031 1105 2154; baseline 0 -46"><span class='ocrx_word' id='word_1_132' title='bbox 71 2042 265 2125; x_wconf 88' lang='grc' dir='ltr'><strong><em>πάθωμεν,</em></strong></span> <span class='ocrx_word' id='word_1_133' title='bbox 294 2038 330 2104; x_wconf 90' lang='grc' dir='ltr'><strong><em>έν</em></strong></span> <span class='ocrx_word' id='word_1_134' title='bbox 360 2031 386 2127; x_wconf 76' lang='grc' dir='ltr'><em>ᾧ</em></span> <span class='ocrx_word' id='word_1_135' title='bbox 417 2050 484 2104; x_wconf 83' lang='grc' dir='ltr'><strong><em>τῶν</em></strong></span> <span class='ocrx_word' id='word_1_136' title='bbox 512 2038 669 2105; x_wconf 88' lang='grc' dir='ltr'><strong><em>ἀπόντων</em></strong></span> <span class='ocrx_word' id='word_1_137' title='bbox 698 2039 891 2154; x_wconf 83' lang='grc' dir='ltr'><strong><em>ἐφιέμεθα</em></strong></span> <span class='ocrx_word' id='word_1_138' title='bbox 887 2043 928 2107; x_wconf 87' lang='grc' dir='ltr'><strong><em>τά</em></strong></span> <span class='ocrx_word' id='word_1_139' title='bbox 954 2046 1105 2128; x_wconf 88' lang='grc' dir='ltr'><strong><em>παρόντα</em></strong></span> 
     </span>
     <span class='ocr_line' id='line_1_19' title="bbox 74 2126 1104 2234; baseline 0.001 -21"><span class='ocrx_word' id='word_1_140' title='bbox 74 2143 334 2234; x_wconf 88' lang='grc' dir='ltr'><strong><em>ἀφαιρεθεντες.</em></strong></span> <span class='ocrx_word' id='word_1_141' title='bbox 378 2145 462 2210; x_wconf 89' lang='grc' dir='ltr'><strong><em>ἀλλά</em></strong></span> <span class='ocrx_word' id='word_1_142' title='bbox 489 2146 551 2232; x_wconf 82' lang='grc' dir='ltr'><strong><em>χρὴ</em></strong></span> <span class='ocrx_word' id='word_1_143' title='bbox 578 2148 638 2211; x_wconf 87' lang='grc' dir='ltr'><strong><em>τὸν</em></strong></span> <span class='ocrx_word' id='word_1_144' title='bbox 661 2145 784 2213; x_wconf 84' lang='grc' dir='ltr'><strong><em>ε’νθάόε</em></strong></span> <span class='ocrx_word' id='word_1_145' title='bbox 807 2126 1016 2231; x_wconf 81' lang='grc' dir='ltr'><strong><em>ὑπομένοντα</em></strong></span> <span class='ocrx_word' id='word_1_146' title='bbox 1038 2150 1104 2233; x_wconf 73' lang='grc' dir='ltr'><strong><em>ἤδη</em></strong></span> 
     </span>
     <span class='ocr_line' id='line_1_20' title="bbox 75 2249 1105 2339; baseline 0.002 -19"><span class='ocrx_word' id='word_1_147' title='bbox 75 2256 175 2338; x_wconf 82' lang='grc' dir='ltr'><strong><em>τείχη</em></strong></span> <span class='ocrx_word' id='word_1_148' title='bbox 200 2276 219 2317; x_wconf 89' lang='grc' dir='ltr'><strong><em>τ</em></strong></span> <span class='ocrx_word' id='word_1_149' title='bbox 220 2249 440 2337; x_wconf 89' lang='grc' dir='ltr'><strong><em>’ἀνορθοῦν,</em></strong></span> <span class='ocrx_word' id='word_1_150' title='bbox 465 2251 527 2316; x_wconf 85' lang='grc' dir='ltr'><strong><em>ὅσα</em></strong></span> <span class='ocrx_word' id='word_1_151' title='bbox 549 2250 714 2338; x_wconf 86' lang='grc' dir='ltr'><strong><em>πέπτωκε,</em></strong></span> <span class='ocrx_word' id='word_1_152' title='bbox 736 2251 792 2318; x_wconf 78' lang='grc' dir='ltr'><strong><em>καὶ</em></strong></span> <span class='ocrx_word' id='word_1_153' title='bbox 815 2254 962 2339; x_wconf 84' lang='grc' dir='ltr'><strong><em>τάφρους</em></strong></span> <span class='ocrx_word' id='word_1_154' title='bbox 985 2256 1105 2323; x_wconf 84' lang='grc' dir='ltr'><strong><em>άνακα·</em></strong></span> 
     </span>
     <span class='ocr_line' id='line_1_21' title="bbox 78 2356 1146 2447; baseline -0.004 -20"><span class='ocrx_word' id='word_1_155' title='bbox 78 2363 221 2446; x_wconf 87' lang='grc' dir='ltr'><strong><em>θαίρειν</em></strong></span> <span class='ocrx_word' id='word_1_156' title='bbox 244 2356 299 2423; x_wconf 75' lang='grc' dir='ltr'><strong><em>καί</em></strong></span> <span class='ocrx_word' id='word_1_157' title='bbox 321 2359 467 2444; x_wconf 83' lang='grc' dir='ltr'><strong><em>φρούρια</em></strong></span> <span class='ocrx_word' id='word_1_158' title='bbox 490 2358 648 2444; x_wconf 86' lang='grc' dir='ltr'><strong><em>ὀχυροῦν,</em></strong></span> <span class='ocrx_word' id='word_1_159' title='bbox 670 2360 726 2424; x_wconf 79' lang='grc' dir='ltr'><strong><em>ἵνα</em></strong></span> <span class='ocrx_word' id='word_1_160' title='bbox 748 2370 817 2437; x_wconf 89' lang='grc' dir='ltr'><strong><em>τοῖς</em></strong></span> <span class='ocrx_word' id='word_1_161' title='bbox 839 2372 1025 2447; x_wconf 86' lang='grc' dir='ltr'><strong><em>γεωργοῦσι</em></strong></span> <span class='ocrx_word' id='word_1_162' title='bbox 1043 2365 1104 2447; x_wconf 81' lang='grc' dir='ltr'><strong><em>τὴν</em></strong></span> <span class='ocrx_word' id='word_1_163' title='bbox 1118 2385 1146 2424; x_wconf 73' lang='grc' dir='ltr'><strong><em>νο</em></strong></span> 
     </span>
     <span class='ocr_line' id='line_1_22' title="bbox 82 2464 1104 2555; baseline 0.002 -23"><span class='ocrx_word' id='word_1_164' title='bbox 82 2468 200 2554; x_wconf 83' lang='grc' dir='ltr'><strong><em>χώραν</em></strong></span> <span class='ocrx_word' id='word_1_165' title='bbox 222 2464 395 2551; x_wconf 88' lang='grc' dir='ltr'><strong><em>ὑπάρχωσι</em></strong></span> <span class='ocrx_word' id='word_1_166' title='bbox 417 2468 620 2548; x_wconf 88' lang='grc' dir='ltr'><strong><em>καταφυγαί,</em></strong></span> <span class='ocrx_word' id='word_1_167' title='bbox 643 2466 800 2551; x_wconf 89' lang='grc' dir='ltr'><strong><em>στρατιάν</em></strong></span> <span class='ocrx_word' id='word_1_168' title='bbox 823 2464 852 2532; x_wconf 89' lang='grc' dir='ltr'><strong><em>τ’</em></strong></span> <span class='ocrx_word' id='word_1_169' title='bbox 873 2469 979 2551; x_wconf 88' lang='grc' dir='ltr'><strong><em>άλλην</em></strong></span> <span class='ocrx_word' id='word_1_170' title='bbox 1001 2487 1104 2555; x_wconf 89' lang='grc' dir='ltr'><strong><em>προσ-</em></strong></span> 
     </span>
     <span class='ocr_line' id='line_1_23' title="bbox 83 2567 1107 2660; baseline 0 -20"><span class='ocrx_word' id='word_1_171' title='bbox 83 2572 312 2657; x_wconf 77' lang='grc' dir='ltr'><strong><em>καταγράφειν</em></strong></span> <span class='ocrx_word' id='word_1_172' title='bbox 340 2569 396 2636; x_wconf 78' lang='grc' dir='ltr'><strong><em>καὶ</em></strong></span> <span class='ocrx_word' id='word_1_173' title='bbox 425 2572 550 2657; x_wconf 85' lang='grc' dir='ltr'><strong><em>τροφάς</em></strong></span> <span class='ocrx_word' id='word_1_174' title='bbox 579 2583 649 2649; x_wconf 84' lang='grc' dir='ltr'><strong><em>τοῖς</em></strong></span> <span class='ocrx_word' id='word_1_175' title='bbox 678 2571 739 2650; x_wconf 81' lang='grc' dir='ltr'><strong><em>ἔξω</em></strong></span> <span class='ocrx_word' id='word_1_176' title='bbox 769 2567 866 2638; x_wconf 83' lang='grc' dir='ltr'><strong><em>οὖσιν</em></strong></span> <span class='ocrx_word' id='word_1_177' title='bbox 897 2572 1107 2660; x_wconf 82' lang='grc' dir='ltr'><strong><em>ἐπιχορηγεῖν</em></strong></span> 
     </span>
     <span class='ocr_line' id='line_1_24' title="bbox 85 2675 1106 2763; baseline 0 -17"><span class='ocrx_word' id='word_1_178' title='bbox 85 2677 143 2746; x_wconf 82' lang='grc' dir='ltr'><strong><em>καὶ</em></strong></span> <span class='ocrx_word' id='word_1_179' title='bbox 173 2678 260 2744; x_wconf 83' lang='grc' dir='ltr'><strong><em>ὅπλα</em></strong></span> <span class='ocrx_word' id='word_1_180' title='bbox 289 2678 462 2763; x_wconf 85' lang='grc' dir='ltr'><strong><em>χαλκεύειν</em></strong></span> <span class='ocrx_word' id='word_1_181' title='bbox 492 2675 547 2742; x_wconf 85' lang='grc' dir='ltr'><strong><em>καὶ</em></strong></span> <span class='ocrx_word' id='word_1_182' title='bbox 576 2685 611 2743; x_wconf 88' lang='grc' dir='ltr'><strong><em>εί</em></strong></span> <span class='ocrx_word' id='word_1_183' title='bbox 635 2702 667 2742; x_wconf 91' lang='grc' dir='ltr'><strong><em>τι</em></strong></span> <span class='ocrx_word' id='word_1_184' title='bbox 697 2679 778 2744; x_wconf 86' lang='grc' dir='ltr'><strong><em>ἀλλο</em></strong></span> <span class='ocrx_word' id='word_1_185' title='bbox 806 2677 988 2762; x_wconf 90' lang='grc' dir='ltr'><strong><em>ἀναγκαῖον</em></strong></span> <span class='ocrx_word' id='word_1_186' title='bbox 1016 2682 1106 2747; x_wconf 80' lang='grc' dir='ltr'><strong><em>ἔσται</em></strong></span> 
     </span>
     <span class='ocr_line' id='line_1_25' title="bbox 85 2782 1142 2872; baseline 0.003 -21"><span class='ocrx_word' id='word_1_187' title='bbox 85 2795 223 2872; x_wconf 86' lang='grc' dir='ltr'><strong><em>πρᾶγμα</em></strong></span> <span class='ocrx_word' id='word_1_188' title='bbox 246 2782 346 2862; x_wconf 84' lang='grc' dir='ltr'><strong><em>ὀξέως</em></strong></span> <span class='ocrx_word' id='word_1_189' title='bbox 368 2784 552 2869; x_wconf 89' lang='grc' dir='ltr'><strong><em>ὑπηρετεῖν.</em></strong></span> <span class='ocrx_word' id='word_1_190' title='bbox 599 2784 720 2868; x_wconf 83' lang='grc' dir='ltr'><strong><em>ὀίόωμι</em></strong></span> <span class='ocrx_word' id='word_1_191' title='bbox 743 2783 784 2849; x_wconf 79' lang='grc' dir='ltr'><strong><em>δέ</em></strong></span> <span class='ocrx_word' id='word_1_192' title='bbox 804 2801 857 2851; x_wconf 92' lang='grc' dir='ltr'><strong><em>σοι</em></strong></span> <span class='ocrx_word' id='word_1_193' title='bbox 880 2785 941 2869; x_wconf 80' lang='grc' dir='ltr'><strong><em>τὴν</em></strong></span> <span class='ocrx_word' id='word_1_194' title='bbox 964 2786 1142 2871; x_wconf 85' lang='grc' dir='ltr'><strong><em>αἵρεσιν,3</em></strong></span> 
     </span>
     <span class='ocr_line' id='line_1_26' title="bbox 87 2890 1147 2976; baseline -0.005 -17"><span class='ocrx_word' id='word_1_195' title='bbox 87 2899 153 2959; x_wconf 76' lang='grc' dir='ltr'><strong><em>εἴτε</em></strong></span> <span class='ocrx_word' id='word_1_196' title='bbox 172 2900 231 2975; x_wconf 80' lang='grc' dir='ltr'><strong><em>τῆς</em></strong></span> <span class='ocrx_word' id='word_1_197' title='bbox 248 2890 429 2975; x_wconf 87' lang='grc' dir='ltr'><strong><em>ὑπερορίου</em></strong></span> <span class='ocrx_word' id='word_1_198' title='bbox 448 2899 602 2975; x_wconf 82' lang='grc' dir='ltr'><strong><em>στρατιάς</em></strong></span> <span class='ocrx_word' id='word_1_199' title='bbox 619 2896 684 2956; x_wconf 87' lang='grc' dir='ltr'><strong><em>εῖτε</em></strong></span> <span class='ocrx_word' id='word_1_200' title='bbox 703 2899 760 2975; x_wconf 79' lang='grc' dir='ltr'><strong><em>τῆς</em></strong></span> <span class='ocrx_word' id='word_1_201' title='bbox 778 2890 900 2956; x_wconf 81' lang='grc' dir='ltr'><strong><em>ἐνθάθε</em></strong></span> <span class='ocrx_word' id='word_1_202' title='bbox 919 2892 1106 2976; x_wconf 88' lang='grc' dir='ltr'><strong><em>ὑπομενού-</em></strong></span> <span class='ocrx_word' id='word_1_203' title='bbox 1120 2912 1147 2954; x_wconf 82' lang='grc' dir='ltr'><strong><em>νε</em></strong></span> 
     </span>
     <span class='ocr_line' id='line_1_27' title="bbox 87 2995 1107 3085; baseline -0.002 -19"><span class='ocrx_word' id='word_1_204' title='bbox 87 3017 149 3084; x_wconf 88' lang='grc' dir='ltr'><strong><em>σης</em></strong></span> <span class='ocrx_word' id='word_1_205' title='bbox 171 2995 301 3075; x_wconf 76' lang='grc' dir='ltr'><strong><em>ἐθέλεις</em></strong></span> <span class='ocrx_word' id='word_1_206' title='bbox 319 3008 522 3083; x_wconf 82' lang='grc' dir='ltr'><strong><em>στρατηγεῖν.</em></strong></span> <span class='ocrx_word' id='word_1_207' title='bbox 558 3006 661 3062; x_wconf 87' lang='grc' dir='ltr'><strong><em>ταῦτα</em></strong></span> <span class='ocrx_word' id='word_1_208' title='bbox 680 2995 835 3080; x_wconf 85' lang='grc' dir='ltr'><strong><em>λέγοντος</em></strong></span> <span class='ocrx_word' id='word_1_209' title='bbox 853 2998 956 3065; x_wconf 85' lang='grc' dir='ltr'><strong><em>αὑτοῦ</em></strong></span> <span class='ocrx_word' id='word_1_210' title='bbox 975 3000 1107 3085; x_wconf 79' lang='grc' dir='ltr'><strong><em>σφόδρα</em></strong></span> 
     </span>
    </p>
   </div>
   <div class='ocr_carea' id='block_1_3' title="bbox 163 3153 1108 3280">
    <p class='ocr_par' dir='ltr' id='par_1_4' title="bbox 163 3153 1108 3280">
     <span class='ocr_line' id='line_1_28' title="bbox 163 3153 1108 3280; baseline 0.002 -72.126"><span class='ocrx_word' id='word_1_211' title='bbox 163 3153 253 3223; x_wconf 72' lang='grc' dir='ltr'><strong><em>Ιῆὃη</em></strong></span> <span class='ocrx_word' id='word_1_212' title='bbox 273 3153 338 3208; x_wconf 85' lang='lat' dir='ltr'><strong>add.</strong></span> <span class='ocrx_word' id='word_1_213' title='bbox 357 3153 380 3207; x_wconf 96' lang='lat' dir='ltr'>B</span> <span class='ocrx_word' id='word_1_214' title='bbox 443 3153 722 3280; x_wconf 49' lang='lat' dir='ltr'><strong><em>TWAWQW—</em></strong></span> <span class='ocrx_word' id='word_1_215' title='bbox 692 3154 746 3209; x_wconf 83' lang='lat' dir='ltr'>del.</span> <span class='ocrx_word' id='word_1_216' title='bbox 767 3154 891 3210; x_wconf 60' lang='lat' dir='ltr'><strong>Cobessl.</strong></span> <span class='ocrx_word' id='word_1_217' title='bbox 911 3155 929 3209; x_wconf 95' lang='lat' dir='ltr'>l</span> <span class='ocrx_word' id='word_1_218' title='bbox 990 3162 1108 3226; x_wconf 87' lang='grc' dir='ltr'><strong><em>9οτρα-</em></strong></span> 
     </span>
    </p>
   </div>
   <div class='ocr_carea' id='block_1_4' title="bbox 88 3224 1143 3508">
    <p class='ocr_par' dir='ltr' id='par_1_5' title="bbox 90 3224 1143 3508">
     <span class='ocr_line' id='line_1_29' title="bbox 90 3224 1143 3316; baseline -0.001 -34"><span class='ocrx_word' id='word_1_219' title='bbox 90 3225 200 3302; x_wconf 75' lang='grc' dir='ltr'><strong><em>τείχιΟ</em></strong></span> <span class='ocrx_word' id='word_1_220' title='bbox 218 3224 372 3294; x_wconf 79' lang='lat' dir='ltr'>praeterB</span> <span class='ocrx_word' id='word_1_221' title='bbox 447 3231 479 3279; x_wconf 82' lang='lat'><strong><em>15</em></strong></span> <span class='ocrx_word' id='word_1_222' title='bbox 523 3224 722 3316; x_wconf 78' lang='grc' dir='ltr'><strong><em>φυλάκτφς-</em></strong></span> <span class='ocrx_word' id='word_1_223' title='bbox 742 3233 775 3280; x_wconf 86' lang='grc'><strong><em>16</em></strong></span> <span class='ocrx_word' id='word_1_224' title='bbox 799 3226 895 3289; x_wconf 80' lang='grc' dir='ltr'><strong><em>αὑτοῖς</em></strong></span> <span class='ocrx_word' id='word_1_225' title='bbox 913 3226 936 3281; x_wconf 91' lang='lat' dir='ltr'>O</span> <span class='ocrx_word' id='word_1_226' title='bbox 954 3229 1036 3296; x_wconf 76' lang='lat' dir='ltr'>praet</span> <span class='ocrx_word' id='word_1_227' title='bbox 1024 3228 1108 3282; x_wconf 80' lang='lat' dir='ltr'>terB</span> <span class='ocrx_word' id='word_1_228' title='bbox 1140 3291 1143 3298; x_wconf 28' lang='lat'>¹</span> 
     </span>
     <span class='ocr_line' id='line_1_30' title="bbox 90 3243 1109 3423; baseline -0.001 -69.98"><span class='ocrx_word' id='word_1_229' title='bbox 90 3243 238 3360; x_wconf 73' lang='grc' dir='ltr'><strong><em>αόίαῖςο</em></strong></span> <span class='ocrx_word' id='word_1_230' title='bbox 255 3296 357 3350; x_wconf 77' lang='lat' dir='ltr'>Portus</span> <span class='ocrx_word' id='word_1_231' title='bbox 431 3301 463 3350; x_wconf 90' lang='lat'><strong><em>18</em></strong></span> <span class='ocrx_word' id='word_1_232' title='bbox 485 3295 540 3365; x_wconf 79' lang='grc' dir='ltr'><strong><em>ἤδη</em></strong></span> <span class='ocrx_word' id='word_1_233' title='bbox 561 3296 584 3351; x_wconf 92' lang='grc' dir='ltr'>Ο</span> <span class='ocrx_word' id='word_1_234' title='bbox 607 3305 659 3350; x_wconf 83' lang='grc' dir='ltr'><strong><em>νῦν</em></strong></span> <span class='ocrx_word' id='word_1_235' title='bbox 677 3295 732 3365; x_wconf 77' lang='grc' dir='ltr'><strong><em>ἤδη</em></strong></span> <span class='ocrx_word' id='word_1_236' title='bbox 751 3290 832 3350; x_wconf 82' lang='lat' dir='ltr'><strong><em>vel</em></strong></span> <span class='ocrx_word' id='word_1_237' title='bbox 808 3318 833 3423; x_wconf 92' lang='grc' dir='ltr'><strong><em>η</em></strong></span> <span class='ocrx_word' id='word_1_238' title='bbox 852 3299 902 3352; x_wconf 81' lang='grc' dir='ltr'><strong><em>θεῖ</em></strong></span> <span class='ocrx_word' id='word_1_239' title='bbox 920 3315 977 3366; x_wconf 74' lang='lat' dir='ltr'><strong><em>qua</em></strong></span> <span class='ocrx_word' id='word_1_240' title='bbox 994 3316 1046 3368; x_wconf 81' lang='lat' dir='ltr'><strong><em>par</em></strong></span> <span class='ocrx_word' id='word_1_241' title='bbox 1064 3304 1109 3353; x_wconf 81' lang='lat' dir='ltr'><strong><em>est</em></strong></span> 
     </span>
     <span class='ocr_line' id='line_1_31' title="bbox 88 3353 1108 3473; baseline 0 -50"><span class='ocrx_word' id='word_1_242' title='bbox 88 3367 238 3424; x_wconf 81' lang='lat' dir='ltr'>c.Reiske</span> <span class='ocrx_word' id='word_1_243' title='bbox 257 3367 377 3437; x_wconf 81' lang='grc' dir='ltr'><strong><em>ημῶνο.</em></strong></span> <span class='ocrx_word' id='word_1_244' title='bbox 396 3367 540 3436; x_wconf 79' lang='lat' dir='ltr'>Kiessling</span> <span class='ocrx_word' id='word_1_245' title='bbox 600 3373 633 3422; x_wconf 79' lang='lat'><strong><em>19</em></strong></span> <span class='ocrx_word' id='word_1_246' title='bbox 652 3367 760 3473; x_wconf 80' lang='grc' dir='ltr'><strong><em>ὀρθοῦν</em></strong></span> <span class='ocrx_word' id='word_1_247' title='bbox 778 3353 831 3423; x_wconf 81' lang='lat' dir='ltr'><strong><em>AB</em></strong></span> <span class='ocrx_word' id='word_1_248' title='bbox 886 3376 921 3425; x_wconf 81' lang='lat'><strong><em>20</em></strong></span> <span class='ocrx_word' id='word_1_249' title='bbox 940 3368 1108 3443; x_wconf 84' lang='grc' dir='ltr'><strong><em>&lt;φρου&gt;ρια</em></strong></span> 
     </span>
     <span class='ocr_line' id='line_1_32' title="bbox 90 3437 486 3508; baseline -0.005 -14"><span class='ocrx_word' id='word_1_250' title='bbox 90 3440 115 3494; x_wconf 94' lang='grc' dir='ltr'>Β</span> <span class='ocrx_word' id='word_1_251' title='bbox 188 3445 221 3494; x_wconf 76' lang='lat'><strong><em>‘21</em></strong></span> <span class='ocrx_word' id='word_1_252' title='bbox 245 3439 392 3508; x_wconf 89' lang='grc' dir='ltr'><strong><em>στρατείαν</em></strong></span> <span class='ocrx_word' id='word_1_253' title='bbox 410 3437 486 3493; x_wconf 80' lang='grc' dir='ltr'><strong><em>ΑΒο.</em></strong></span> 
     </span>
    </p>
   </div>
   <div class='ocr_carea' id='block_1_5' title="bbox 0 0 1217 3848">
    <p class='ocr_par' dir='ltr' id='par_1_6' title="bbox 0 0 1217 3848">
     <span class='ocr_line' id='line_1_33' title="bbox 0 0 1217 3848; baseline 0 0"><span class='ocrx_word' id='word_1_254' title='bbox 0 0 1217 3848; x_wconf 95' lang='lat' dir='ltr'><strong><em> </em></strong></span> 
     </span>
    </p>
   </div>
  </div>
 </body>
</html>
