2424 3848
538 181 705 230 „H-

118 339 163 416 είς
185 338 308 416 αὐτοὺς
331 338 568 424 ἐξαμαρτόντες
590 339 703 425 εὐχαῖς
720 342 776 405 καί
793 343 929 418 θυσίαις
947 343 1005 407 τὸν
1026 343 1127 426 χόλον

117 444 321 524 ἐξιλάσαντο·
350 446 382 509 εί
403 446 446 529 μή
471 446 525 529 σύ,
553 439 578 508 ὦ
602 446 746 532 Μάρκιε,
772 445 876 525 ἀξιοῖς
897 447 956 524 τὰς
977 442 1039 531 μὲν
1061 457 1128 512 τῶν

116 558 207 618 θεῶν
230 551 332 637 ὀργάς
352 551 480 636 θνῃτάς
501 547 598 637 εἶναι,
620 553 678 630 τάς
696 549 734 618 δέ
752 563 819 619 τῶν
837 553 1026 640 ἀνθρώπων
1044 552 1128 617 ἄθα-

115 657 245 736 νάτους.
283 660 394 723 δίκαια
413 653 474 742 μὲν
492 653 554 724 οὖν
572 661 721 742 ποιήσεις
738 658 794 725 καὶ
817 668 943 747 σεαυτῷ
961 658 1128 745 πρέποντα

58 761 170 831 ειισκαὶ
193 771 233 848 τῃ
255 766 389 850 πατρίδι
412 764 506 850 αὐτή,
533 761 630 849 ιἰφεὶς
651 765 690 829 τά
714 763 899 849 ἐγκλήματα
922 765 1127 852 μετανοούσῃ
1155 791 1169 832 ⁵

117 893 153 954 χε
180 867 237 935 καὶ
265 867 522 956 διαλλαττομένῃ
550 868 606 935 καὶ
629 869 691 935 ὅσα
713 874 876 957 πρότερον
900 870 1052 957 ἀφείλετο
1076 871 1129 938 σοὶ

116 984 181 1043 νῦν
204 974 422 1061 ἀποδιδούσῃ.

183 1080 238 1146 LI.
283 1084 328 1146 Εί
355 1079 385 1147 δ’
417 1083 482 1168 άρα
512 1083 595 1168 πρὸς
626 1081 756 1167 ἐκείνην
785 1082 1010 1161 ἀδιαλλάκτως
1037 1087 1130 1169 ἔχεις,

117 1185 192 1274 ἐμοὶ
214 1189 338 1273 ταύτην
362 1190 432 1271 δός,
455 1183 629 1268 ὦτὲκνον,
651 1190 713 1272 τήν
731 1191 829 1275 τιμήν
847 1187 902 1254 καλ
920 1189 1029 1275 χάριν,
1049 1188 1125 1273 παρ’

117 1290 157 1379 ής
178 1295 221 1361 ού
246 1295 287 1360 τά
317 1294 490 1380 ἐλαχίστου
513 1293 587 1373 άξια
610 1298 694 1381 ἔχεις
716 1293 789 1363 οὐδ’
818 1291 865 1361 ὧν
889 1293 1126 1379 ἀντιποιήσαιτ’
1144 1322 1172 1360 ιο

117 1403 161 1467 άν
185 1425 233 1479 τις
254 1398 310 1465 καὶ
333 1400 454 1488 ἔτερος,
476 1400 560 1466 άλλδι
582 1402 622 1466 τά
640 1400 777 1486 μέγιστα
799 1400 855 1468 καί
877 1404 1053 1487 τιμιώτατα
1076 1400 1131 1467 καλ
1191 1461 1192 1464 ,

117 1499 169 1586 οἷς
196 1508 324 1573 ἅπαντα
350 1508 390 1572 τά
413 1508 512 1573 λοιπά
535 1504 703 1591 κέκτῃσαι,
729 1510 767 1574 τὸ
791 1518 885 1594 σῶμα
907 1506 963 1573 καὶ
984 1509 1045 1593 τήν
1067 1520 1131 1588 ψυ-

118 1618 190 1700 χήν.
237 1615 439 1698 δανείσματα
461 1614 524 1698 γάρ
549 1615 633 1697 ἔχεις
655 1611 745 1680 ταῦτ’
773 1613 846 1700 ἐμά,
874 1613 930 1679 καὶ
953 1615 1014 1680 οὐκ
1035 1615 1132 1701 άφαι-

118 1723 257 1807 ρήσεταί
276 1744 315 1806 με
338 1716 428 1786 ταῦτ’
452 1717 568 1796 οὐθεὶς
590 1720 667 1785 οὔτε
689 1706 789 1798 τόπος
808 1722 884 1787 ούτε
906 1725 1031 1808 καιρός,
1052 1721 1136 1789 οὐδέ

118 1823 149 1909 χ’
177 1827 216 1891 αί
247 1825 471 1891 Οὐολούσκων
503 1821 583 1891 οὐδὲ
614 1837 681 1890 τῶν
713 1827 825 1893 ἄλλων
856 1827 1047 1915 ἀνθρώπων
1078 1829 1132 1894 εύ-
1146 1850 1173 1892 ιε

118 1935 267 2020 ερῃεσίαι
295 1930 496 2016 συμπάντων
523 1929 578 1996 καὶ
605 1931 734 2017 χάριτες
764 1943 926 1999 τοσοῦτον
959 1934 1133 2019 ἰσχύουσιν

121 2036 194 2106 οὐδ’
221 2037 264 2103 δν
287 2037 527 2123 οὐρανομήκεις
549 2035 726 2122 γένωνται,
753 2038 836 2104 ὥστε
858 2040 898 2104 τά
920 2049 978 2124 τῆς
1001 2041 1133 2124 φύσεως

121 2143 289 2224 ἐξαλεῖψαι
310 2141 366 2209 καὶ
383 2147 565 2229 παρελθεῖν
584 2144 709 2209 δίκαια·
734 2141 806 2209 ἀλλ’
828 2143 905 2229 ἐμὸς
928 2146 1057 2232 ἅπαντα
1074 2148 1133 2211 τὸν

120 2254 244 2338 χρόνον
267 2252 324 2335 ἔσῃ
353 2247 408 2313 καὶ
435 2250 547 2335 πρώτῃ
573 2249 707 2315 πάντων
730 2251 787 2327 τὰς
813 2260 874 2317 τοῦ
901 2254 978 2335 βίον
1000 2250 1134 2338 χάριτας

121 2357 309 2443 ὀφειλήσεις
335 2354 424 2441 ἐμοί,
455 2354 511 2420 καὶ
538 2351 586 2421 ὧν
613 2356 655 2422 άν
683 2354 807 2441 δέωμαι
835 2358 910 2442 δίχα
937 2358 1134 2444 προφάσεως
1147 2383 1175 2423 εο

49 2464 351 2549 1626ύπουρχήσεις.
396 2471 494 2527 τοῦτο
518 2462 581 2548 γάρ
609 2462 627 2527 ὁ
653 2470 712 2547 τής
734 2464 867 2548 φύσεως
887 2467 990 2548 νόμος
1013 2465 1169 2551 ὥρισεν2

122 2570 224 2635 άπασι
252 2579 322 2645 τοῖς
351 2569 539 2652 αἰσθήσεως
565 2565 620 2632 καὶ
643 2571 745 2651 λόγου
776 2571 986 2654 μετειληφόσι
1016 2572 1053 2635 τὸ
1084 2571 1134 2635 δί-

121 2698 230 2759 καιον,
254 2666 280 2762 ᾧ
298 2673 511 2757 πιστεύουσα,
528 2673 661 2759 Μάρκιε
679 2672 808 2759 τέκνον,
826 2672 917 2756 κάγὼ
936 2672 1056 2758 δέομαί
1071 2690 1134 2741 σου

122 2783 166 2867 μή
190 2780 325 2864 ἐπάγειν
347 2783 494 2865 πόλεμον
516 2788 555 2866 τῃ
578 2778 800 2866 πατρίδακαὶ
824 2779 979 2865 ἐμποδὼν
1000 2781 1138 2865 ἵσταμαί

124 2904 177 2954 σοι
206 2884 400 2974 βιαζομένῃ.
453 2886 473 2969 ή
503 2884 667 2972 προτέραν
698 2879 760 2952 οὖν
789 2882 845 2970 ἐμὲ
874 2885 935 2968 τήν
965 2885 1134 2951 ἐναντιου-
1148 2909 1175 2950 ιε

122 2991 228 3078 μένῃν
256 3007 309 3057 σοι
337 2990 459 3078 μητέρα
489 3003 560 3068 ταῖς
591 2991 720 3078 ἐρινύσι
751 2992 1006 3078 προθυσάμενος
1037 2992 1134 3059 αύτο-

197 3143 346 3219 1ἐξαμαρ
347 3146 479 3211 τάνοντες
506 3148 529 3203 Ο
557 3165 625 3204 corr.
654 3149 754 3203 Portus
871 3153 887 3201 ὅ
911 3149 930 3203 όι
931 3148 995 3218 φελς
1017 3150 1087 3220 αὐτῇ
1111 3166 1134 3205 ο.

125 3218 268 3288 Kiessling
284 3222 288 3291 Ι
304 3219 478 3292 μετανοούσῃ
492 3239 521 3274 τε
536 3220 626 3275 καλε.
645 3220 789 3290 Kiessling
867 3225 899 3273 12
940 3218 1134 3292 κέ>κτῃσαιΒ

126 3296 159 3343 14
173 3289 282 3346 οόδὲ-
295 3290 404 3346 ούὸὲΟ
460 3289 967 3416 15acom.h0010000p‚raeter
986 3291 1036 3345 sed
1054 3307 1136 3362 prae-

124 3361 194 3416 bent
211 3379 237 3417 v
257 3367 290 3416 15
310 3383 328 3416 α
330 3359 515 3432 ίεύερχεσίαι
539 3365 543 3426 Ι
569 3362 635 3418 οὐδὲ
654 3362 707 3433 γὰρ
727 3360 760 3417 αλ
776 3381 799 3419 ο.
808 3310 941 3418 pReudler
960 3333 1052 3417 ’Τὶνοο
1071 3382 1099 3432 p
1118 3367 1134 3416 2

127 3438 159 3488 19
177 3432 227 3495 τὰς
244 3448 299 3487 om
318 3437 341 3487 A
414 3440 448 3488 20
467 3452 514 3503 μοι
533 3433 555 3488 Ο
575 3429 637 3504 ἐμοὶ
655 3433 798 3503 Kiessling
