2424 3848
105 203 168 270 186
528 207 694 256 -Η-

101 377 277 454 χωροῦσαν
304 368 428 452 ἄνδρας
450 364 601 449 ἀγαθοὺς
622 368 731 432 πόλιν.
776 363 832 431 καὶ
854 365 964 451 ὑμεῖς,
992 360 1019 430 ὦ
1043 365 1122 432 θεοὶ

101 478 231 561 κτήσιοι
257 472 313 539 καὶ
340 471 430 538 ἑστία
458 468 593 560 πατρῴα
615 470 671 537 καὶ
695 475 850 557 δαίμονες
873 472 909 538 ού
928 469 1123 559 κατέχοντες

66 585 222 650 4τούτον
244 582 303 646 τὸν
324 583 439 664 τόπου,
462 582 599 664 χαίρετε.
643 579 689 656 ὡς
711 575 749 644 δὲ
771 575 862 646 ταῦτ’
889 573 994 663 εἶπεν,
1023 579 1121 664 ἡμεῖς

101 685 162 772 μὲν
177 688 214 753 αἱ
227 689 399 771 δυστυχεῖς
417 686 456 763 ἃς
473 688 511 752 τὸ
529 686 638 763 πάθος
656 683 774 772 ἀπῄτει
792 685 907 771 φωνάς
924 684 1120 770 ἀναβοῶσαι

75 791 158 859 ικαὶ
179 795 337 858 παίουσαι
360 793 400 857 τά
422 794 530 877 στήθη
552 793 798 878 περιεχύθημεν
815 790 906 878 αὐτῷ
926 793 1004 868 τοὺς
1022 790 1120 877 ἐσχά-

101 923 180 975 τους
203 897 396 982 ἀσπασμοὺς
416 899 646 982 κομιούμεναι·
672 909 739 963 τῶν
763 893 801 963 δὲ
821 899 967 963 παιδίων
989 899 1120 964 τούτων

102 1005 166 1089 ἐγὼ
189 1000 251 1089 μὲν
274 1007 312 1070 τὸ
333 1006 559 1090 πρεσβύτερον
580 999 676 1088 ἦγον,
705 1003 726 1088 ἡ
751 1000 788 1070 δὲ
810 1004 917 1089 μήτηρ
939 1006 977 1070 τὸ
999 1005 1120 1071 νεώτε-

102 1136 164 1198 ρον
196 1107 283 1197 εἶχεν
320 1108 374 1176 ἐπὶ
409 1120 466 1194 τῆς
498 1110 655 1195 ἀγκάλης·
691 1111 710 1177 ὁ
743 1107 772 1175 δ’
808 1108 1032 1196 ἀποστραφεὶς
1063 1109 1120 1177 καλ

100 1218 338 1304 παρωσάμενος
364 1217 450 1303 ἡμᾶς
476 1213 581 1282 εἶπεν·
613 1218 700 1282 Οὔτε
728 1219 786 1294 σδς
812 1218 886 1294 υίὸς
912 1219 977 1300 ἔτι,
1003 1226 1119 1304 μῆτερ,

62 1328 192 1392 ιοέσται
219 1326 279 1390 τὸν
303 1324 367 1389 ἀπὸ
390 1325 489 1389 τοῦδε
511 1326 635 1409 χρόνον
656 1322 821 1408 Μάρκιος,
850 1318 922 1388 ἀλλ’
949 1320 1123 1410 ἀφῄρηταί

102 1449 139 1498 σε
161 1433 221 1497 τὸν
244 1432 453 1515 γηροβοσκὸν
475 1429 496 1514 ή
519 1433 646 1516 πατρίς,
670 1430 746 1496 οὐτε
768 1431 826 1506 σὸς
848 1428 933 1515 ἀνήρ
952 1429 1016 1496 ἀπὸ
1040 1432 1120 1497 ταύ-

101 1563 169 1623 της,
193 1533 219 1602 ὦ
240 1537 465 1621 Οὐολουμνία,
487 1545 544 1621 τῆς
561 1533 694 1623 ἡμέρας,
717 1533 791 1602 ἀλλ’
812 1535 984 1622 εὐτυχοίης
1002 1535 1164 1623 ἕτερονισ(

101 1647 210 1729 ἀνδρα
232 1646 381 1727 λαβοῦσα
405 1641 701 1728 εὐδαιμονέστερον
724 1641 823 1727 ἐμοῦ,
851 1639 928 1709 οὐθ’
955 1640 1119 1728 ὑμῶν,ὦ

101 1748 200 1816 τέκνα
222 1752 372 1835 φίλτατα,
400 1752 518 1834 πατήρ,
546 1747 616 1815 ἀλλ’
645 1746 788 1835 ὀρφανοὶ
810 1746 866 1814 καὶ
889 1751 1006 1835 ἔρημοι
1029 1751 1121 1835 παρὰ

63 1846 251 1961 1ἷχταύταις,
278 1855 339 1932 ἕως
365 1856 413 1933 είς
439 1857 565 1939 ἄνδρας
592 1857 727 1940 ἔλθητε,
755 1858 977 1941 τραφήσεσθε.
1021 1853 1114 1920 ταῦτ’

101 1966 204 2031 είπὼν
227 1961 300 2029 ἄλλ’
327 1959 432 2030 οὐθὲν
455 1963 532 2029 οὔτε
561 1962 814 2047 διοικησάμενος
837 1960 907 2029 οὔτ’
934 1960 1120 2039 ἐπιστείλας

101 2069 179 2139 οὐθ’
210 2072 285 2137 ὅποι
312 2070 487 2155 πορεύεται
513 2068 643 2155 φράσας
669 2067 822 2153 ἀπῆλθεν
854 2067 891 2134 ἐκ
922 2077 979 2153 τῆς
1011 2069 1119 2145 οίκίας

101 2182 218 2264 μόνος,
246 2173 271 2243 ὦ
299 2187 470 2259 γυναῖκες,
496 2176 655 2260 ἀδουλος,
682 2176 821 2261 ἀπορος,
850 2171 931 2241 οὐδὲ
953 2175 1015 2265 τήν
1039 2174 1120 2260 ἐφή-

101 2307 203 2370 μερον
231 2283 249 2349 ὁ
278 2283 442 2366 δύστηνος
473 2280 511 2347 ἐκ
539 2293 607 2348 των
635 2279 755 2348 ἑαυτοῦ
782 2283 959 2368 χρημάτων
987 2282 1118 2368 τροφήν

60 2420 87 2460 ω
101 2391 311 2474 ἐπαγόμενος.
360 2385 416 2454 καὶ
442 2384 599 2471 τέταρτον
628 2387 784 2455 ἐνιαυτὸν
815 2389 879 2472 ήδη
912 2397 1051 2474 τοῦτον,
1083 2387 1117 2466 ἐξ

100 2493 142 2565 οὐ
164 2497 281 2582 φεύγει
303 2496 366 2580 τήν
387 2497 541 2580 πατρίδα,
569 2496 694 2572 πάντας
715 2495 801 2580 ἡμᾶς
823 2493 1019 2580 ἀλλοτρίους
1042 2493 1119 2560 ἑαυ-

99 2613 160 2672 τοῦ
182 2606 369 2687 νενόμικεν,
391 2602 433 2668 οὐ
455 2602 595 2688 γράφων
618 2599 735 2685 οὐθέν,
759 2601 821 2668 οὐκ
839 2600 1054 2687 ἐπιστέλλων,
1077 2602 1119 2669 οὐ

65 2713 139 2789 6τά
166 2708 242 2797 περὶ
268 2709 353 2794 ἡμᾶς
379 2706 506 2774 είδέναι
532 2711 744 2793 βουλόμενος.
789 2710 872 2794 πρὸς
895 2709 936 2793 δή
959 2709 1119 2794 τοιαύτην

99 2820 211 2906 ψυχήν
234 2817 320 2884 οὕτω
345 2816 491 2901 σκληρὰν
513 2812 569 2880 καὶ
591 2816 757 2900 ἄτρωτον,
782 2809 809 2879 ὦ
834 2813 1021 2899 Οὐαλερία,
1043 2819 1119 2881 τίνα

59 2953 86 2994 τι
101 2926 198 3011 ίσχὺν
225 2923 358 3003 ἕξουσιν
385 2922 422 2987 αι’
441 2918 518 3007 παρ’
543 2921 638 3006 ήμῶν
668 2922 811 3005 δεήσεις,
840 2911 893 2998 αἷς
915 2919 989 2987 οὐτ’
1016 2920 1122 2987 ἀσπα-

99 3041 193 3115 σμῶν
216 3032 400 3115 μετέδωκεν
423 3030 500 3095 οὐτε
524 3027 719 3113 φιλημάτων
743 3025 813 3094 οὐτ’
836 3027 939 3112 άλλης
956 3033 1122 3115 φιλοφρο-

173 3334 186 3382 1
206 3329 273 3397 ύμῖν
292 3328 338 3384 Ba
409 3334 427 3382 4
445 3326 558 3399 ἀπῄτει]
578 3326 686 3395 ἀπῆχχε
706 3342 729 3380 ο.
746 3324 918 3394 Οιοεθετςεε
936 3325 1014 3381 Tene.
1034 3326 1121 3382 Herb,

100 3417 128 3468 p.
143 3403 177 3452 34
250 3399 333 3454 Ὶτδν
354 3398 376 3453 0
396 3396 549 3468 praeterB
577 3401 582 3466 Ι
611 3397 660 3452 τὸν
681 3395 703 3452 0
722 3396 877 3466 praeterB
934 3404 965 3452 11
987 3396 1122 3471 σ<δς>Β

102 3476 135 3525 16
155 3468 271 3541 *Mo
290 3467 343 3542 δ’)
363 3469 385 3522 Β
404 3465 518 3523 ἄλλοθ’
539 3468 564 3521 R
582 3469 692 3522 correxi
