2424 3848
102 143 168 209 400
525 142 692 195 -Θ-

100 304 155 371 καὶ
190 307 415 389 συμβαλόντες
446 314 516 381 τοίς
537 301 709 388 Ῥωμαίοις
736 305 857 391 ἄνδρες
884 303 1008 388 ἀγαθοὶ
1035 307 1116 372 κατὰ

68 413 162 479 3τὸν
192 408 305 494 ἀγῶνα
334 409 485 495 ἐγίνοντο
517 408 611 496 μέχρι
640 413 778 477 πολλοῦ.
827 414 992 495 μαθόντες
1022 409 1053 477 δ’
1081 410 1117 479 ἐκ

103 528 171 583 τῶν
198 519 281 583 κατὰ
307 519 417 583 νώτου
444 527 604 603 φρουρῶν
629 540 717 594 τινες
743 519 1011 602 καταβαίνουσαν
1035 515 1117 605 ὑπὲρ

103 625 211 709 όχθου
239 624 396 711 στρατιὰν
422 620 590 707 ὑπέλαβον
611 623 705 707 ήκειν
727 625 786 689 τὸν
810 622 923 708 ἕτερον
945 635 1013 690 τῶν
1035 624 1117 691 ὑπό-

78 747 172 795 ιτων
194 731 318 813 ὐίγοντα
341 731 402 814 τήν
425 732 488 795 σὺν
508 729 596 817 αὐτῷ
615 730 772 815 δύναμιν,
795 727 851 796 καὶ
869 731 1051 815 δείσαντες,
1074 733 1116 816 μή

102 841 307 902 καταλυθεῖεν
338 833 397 902 ὐπ’
430 835 571 921 ἀμφοῖν,
604 833 715 901 οὐκέτι
747 833 933 921 διέμειναν,
965 834 1038 903 ἀλλ’
1072 839 1117 914 είς

102 944 215 1027 φυγήν
238 939 420 1028 τρέπονται.
458 941 623 1028 ἐντούτῳ
647 951 692 1030 τῶ
716 939 821 1025 ἀγῶνι
845 944 881 1009 οῗ
900 938 936 1008 θ’
958 942 1117 1028 ἡγεμόνες

103 1049 214 1114 αὐτῶν
233 1046 414 1135 ἀμφότεροι
433 1050 596 1131 γενναίων
615 1045 749 1134 ἀνδρῶν
769 1050 849 1132 ἔργα
862 1047 1116 1133 ἀποδειξάμενοι

100 1158 275 1240 πίπτουσι,
311 1151 366 1219 καὶ
398 1155 494 1219 όίλλοι
525 1151 644 1218 πολλοὶ
676 1156 857 1238 μαχόμενοι
889 1152 965 1242 περὶ
997 1155 1176 1234 αὐτούςινιτ

63 1281 89 1320 10
104 1259 238 1344 ἀγαθοί·
269 1261 305 1326 οί
330 1255 366 1325 δὲ
389 1263 553 1345 φυγόντες
575 1258 611 1325 ἐκ
634 1270 690 1344 της
713 1261 816 1346 μάχης
839 1262 886 1339 είς
907 1262 966 1338 τὰς
990 1258 1114 1328 ἑαυτῶν

65 1365 233 1433 4ἕκαστοι
269 1368 429 1453 πατρίδας
466 1364 704 1444 σκεδασθέντες
736 1366 959 1454 ἀνεχώρησαν.
1012 1366 1049 1434 ἐκ
1080 1364 1115 1434 δὲ

102 1473 222 1538 τούτου
244 1473 372 1556 πολλήν
396 1472 511 1537 ὐύειαν
530 1472 643 1557 λαβὼν
662 1473 681 1538 ὁ
697 1474 882 1560 Λοκρήτιος
900 1475 1038 1560 ἔφθειρε
1056 1476 1115 1560 τήν

102 1581 259 1644 Αἰκανῶν
286 1585 365 1662 γῆν,
392 1576 447 1643 καὶ
475 1578 676 1664 Οὐετούριος
702 1580 763 1663 τήν
788 1580 1029 1665 Οὐολούσκων,
1057 1579 1115 1658 ἕως

102 1684 121 1749 ὁ
151 1694 218 1750 τῶν
248 1681 468 1770 ἀρχαιρεσίων
500 1683 616 1768 ἐπέστη
645 1689 769 1772 καιρός.
813 1689 887 1752 τότε
917 1684 948 1752 δ’
975 1686 1115 1772 ἀναστή-

63 1809 88 1851 ιο
103 1806 219 1866 σαντες
242 1790 298 1866 τὰς
321 1791 479 1876 δυνάμεις
501 1787 631 1874 ἀπήγον
654 1790 705 1857 ἐπ’
733 1798 828 1859 οίκου
850 1791 906 1858 καὶ
928 1795 1115 1878 κατήγαγον

103 1892 286 1982 ἀμφότεροι
308 1899 386 1973 τούς
409 1895 591 1975 ἐπινικίους
612 1898 813 1985 θριάμβους·
836 1901 1022 1985 Λοκρήτιος
1045 1898 1115 1984 μέν,

102 2000 157 2068 ἐπὶ
174 2011 235 2068 τού
252 2005 438 2090 τεθρίππου
457 2005 724 2091 παρεμβεβηκώς,
748 2004 948 2092 Οὐετούριος
968 2002 1005 2071 δὲ
1023 2008 1117 2086 πεζὸς

102 2110 314 2176 εἰσελαύνων.
360 2110 421 2175 δύο
454 2111 517 2196 γὰρ
550 2104 643 2175 οὗτοι
674 2113 837 2197 θρίαμβοι
867 2111 1020 2177 ὐίύονται
1048 2123 1116 2189 τοῖς

102 2213 262 2300 ήγεμόσιν
289 2215 354 2280 ὐπὸ
378 2224 434 2299 τῆς
457 2220 595 2300 βουλῆς,
624 2215 733 2301 ὥσπερ
757 2218 858 2302 ἔφην,
884 2218 924 2282 τὰ
948 2214 1011 2301 μὲν
1034 2220 1115 2285 ἄλλα

64 2339 91 2380 20
104 2323 233 2405 ἔχοντες
256 2328 323 2406 ίσα,
345 2330 391 2410 τῷ
414 2318 452 2386 δὲ
473 2324 532 2388 τὸν
556 2318 616 2407 μὲν
641 2323 774 2388 ἱππικὸν
798 2317 895 2408 εἶναι,
917 2324 978 2389 τόν
1002 2321 1040 2390 δὲ
1062 2345 1115 2390 πε-

103 2430 207 2510 ζικόν,
232 2424 451 2514 διαφέροντες.

174 2625 189 2671 3
213 2638 289 2681 τινος
306 2619 332 2673 A
417 2626 451 2674 17
469 2627 519 2674 τού
538 2619 593 2675 del.
613 2636 636 2673 ο.
655 2618 758 2674 Reiske
846 2623 878 2673 19
897 2619 957 2674 ’τὰ
975 2620 1029 2691 μὲν
1047 2622 1114 2678 ἄλλα

100 2695 203 2758 ταμεῑα
221 2690 297 2744 ABb
316 2709 339 2745 τ.
358 2710 385 2760 μ.
405 2690 431 2745 όί.
450 2696 537 2760 ταμῐα
555 2691 602 2744 Ba
620 2692 739 2764 βραβεῑα
756 2689 803 2745 vel
820 2691 956 2763 πρεσβεία
975 2710 999 2748 ιι.
1013 2692 1114 2749 Βείελῐθ

101 2766 227 2829 πομπεῖα
251 2760 357 2814 GrImm
374 2762 452 2817 Lect.
470 2761 552 2817 Dion.
572 2762 610 2816 IV
629 2781 656 2832 p.
678 2766 723 2831 15,
751 2760 786 2815 τὰ
808 2768 889 2831 τιμής
911 2760 1038 2819 Sintenis
1055 2764 1114 2819 Em.

101 2829 182 2888 Dion.
197 2833 209 2885 l
224 2836 267 2900 28,
286 2830 379 2886 πάντα
398 2831 530 2887 Schnelle
547 2831 619 2886 Ann,
633 2831 703 2902 phil.
720 2837 787 2888 1857
803 2850 831 2902 p.
847 2838 908 2901 377,
927 2834 1010 2904 τίμια
1022 2834 1114 2891 Κίεεε-

100 2900 163 3025 liffi
190 2919 243 2972 ego
270 2909 372 2972 ταμεῖα
398 2919 498 2959 vocem
526 2919 560 2957 ex
587 2903 781 2972 dittographia
803 2905 902 2959 natam
925 2904 1023 2961 delevi
1044 2906 1114 2963 Am

508 3213 706 3249 -οομ-
