2424 3848
116 190 159 255 οε
541 193 701 242 -z-

116 357 226 439 λόχων
248 352 449 418 καὶτούτων
468 355 514 430 είς
532 351 565 430 ἓξ
585 350 795 439 διῃρημένων
815 357 1001 440 συμμορίας
1017 354 1134 440 πρώτη

116 457 177 545 μὲν
200 459 347 526 έκαλεῑτο
372 464 538 545 συμμορία
561 458 616 524 καὶ
635 459 695 543 την
713 468 828 545 ψῆφον
847 458 1006 546 ἐπέφερεν
1023 461 1045 544 ἡ
1064 473 1134 527 τῶν

116 566 261 652 ἐχόντων
283 568 320 632 τὸ
344 564 498 650 μέγιστον
521 569 643 650 τίμημα
666 575 723 649 τῆς
745 565 860 642 οὐσίας
882 565 937 632 καὶ
959 567 1022 650 τὴν
1042 570 1134 653 πρῶ-

115 698 177 757 την
201 675 439 758 λαμβανόντων
462 671 555 751 τάξιν
579 672 615 737 ἐν
637 670 805 756 πολέμοις·
837 671 874 738 ἐν
897 664 948 750 οἷς
969 668 1057 757 ἦσαν
1081 675 1135 740 ίπ-

89 778 205 844 επέων
237 776 299 864 μέν
328 779 548 845 ὀκτωκαίδεκα
579 781 687 863 λόχοι,
718 781 825 857 πεζῶν
855 775 886 845 δ’
917 779 1135 864 ὀγδοήκοντα.

80 884 254 969 4δευτέρα
287 883 316 951 δ’
350 885 556 971 ἐψηφοφόρει
589 888 755 970 συμμορία
785 895 853 951 τῶν
882 885 1135 971 ὑποδεεστέρων

116 1004 185 1069 τοῖς
207 997 294 1078 βίοις
316 991 371 1058 καὶ
393 994 454 1075 τὴν
477 990 725 1075 ὑποβεβηκυῖαν
748 990 841 1069 τάξιν
864 991 900 1056 έν
919 1003 992 1070 ταῖς
1014 994 1135 1080 μάχαις

118 1098 339 1185 [μαχομένων]
364 1097 419 1163 καὶ
442 1098 606 1181 ὁπλισμὸν
629 1097 670 1163 ού
692 1099 752 1163 τὸν
775 1097 877 1164 αὐτὸν
899 1097 1045 1184 ἐχόντων
1062 1112 1206 1178 τοίςιιεο

116 1207 375 1290 πρωτοστάταις,
399 1202 472 1270 ἀλλ’
493 1203 663 1269 ἐλάττονα·
692 1214 789 1270 τοῦτο
814 1199 852 1269 δὲ
873 1206 911 1270 τὸ
934 1210 1064 1289 πλῆθος
1086 1210 1135 1286 είς

77 1332 104 1372 ιο
117 1317 221 1377 είκοσι
250 1315 368 1398 λόχους
396 1309 660 1394 συντεταγμένον
686 1305 745 1394 ἦν,
772 1309 985 1395 προσέκειντο
1013 1310 1044 1377 δ’
1074 1314 1135 1379 αύ-

116 1429 185 1496 τοίς
204 1419 266 1483 δύο
291 1415 357 1484 ἶλαι
380 1421 543 1484 τεκτόνων
563 1416 617 1482 καὶ
634 1419 850 1503 χαλκοτύπων
869 1416 924 1483 καὶ
942 1418 1016 1484 ὅσοι
1035 1421 1134 1487 άλλοι

116 1529 303 1608 πολεμικῶν
327 1527 433 1610 έρχων
456 1520 542 1607 ἦσαν
564 1522 774 1609 χειροτέχναι.
812 1525 848 1591 ὀί
868 1523 897 1590 δ’
922 1525 959 1590 έν
980 1534 1020 1611 τῇ
1038 1531 1134 1614 τρίτη

118 1632 285 1717 συμμορία
317 1631 516 1714 καλούμενοι
549 1632 668 1715 λόχους
696 1626 758 1714 μέν
786 1629 987 1716 ἐξεπλήρουν
1015 1639 1134 1719 εἴκοσι,

117 1739 239 1820 τίμημα
267 1733 299 1800 δ’
324 1731 416 1822 εἶχον
441 1737 576 1801 ἔλαττον
599 1747 666 1801 τῶν
689 1735 855 1820 δευτέρων
877 1735 932 1802 καὶ
955 1737 1048 1816 τάξιν
1070 1742 1134 1825 την

77 1861 103 1902 15
118 1839 168 1906 ἐπ’
201 1841 339 1919 ἐκείνοις
367 1841 569 1925 [έλάττονα,]
601 1840 655 1907 καὶ
688 1842 773 1908 όπλα
801 1842 862 1908 οὐκ
890 1849 945 1908 ἴσα
972 1855 1041 1922 τοῖς
1067 1850 1135 1933 πρὸ

82 1948 227 2016 5αὐτῶν
246 1952 374 2035 ἔφερον.
412 1950 448 2015 οί
468 1945 505 2014 δέ
529 1950 608 2033 μετά
631 1950 769 2026 τούτους
791 1951 990 2034 καλούμενοι
1008 1955 1136 2038 τίμημά

116 2052 144 2120 τ’
164 2055 278 2132 οὐσίας
296 2058 432 2121 ἔλαττον
451 2051 541 2141 είχον
560 2054 614 2120 καὶ
632 2055 725 2133 τάξιν
744 2054 781 2120 ἐν
799 2054 931 2145 πολέμῳ
950 2060 1011 2143 τὴν
1025 2058 1137 2145 ἀσφα-

117 2159 275 2246 λεστέραν
294 2160 482 2246 έλάμβανον
501 2161 556 2227 καὶ
575 2163 737 2245 ὁπλισμὸν
756 2161 1012 2249 εὐσταλέστερον
1025 2161 1135 2251 εἶχον·

118 2265 275 2353 διῄρηντο
300 2265 329 2332 δ’
353 2269 400 2343 είς
422 2273 526 2333 είκοσι
548 2265 603 2332 καὶ
627 2263 719 2333 οὗτοι
738 2270 869 2353 λόχους·
894 2270 1135 2340 συνετάττοντο

77 2393 103 2432 20
118 2369 155 2438 δέ
183 2371 237 2438 καὶ
264 2373 393 2450 τούτοις
421 2374 483 2439 δύο
507 2376 599 2458 λόχοι
622 2378 831 2458 βυκανιστῶν
854 2373 909 2440 καὶ
932 2380 1135 2446 σαλπιστῶν.

117 2478 243 2564 πέμπτη
268 2477 298 2543 δ’
321 2479 466 2546 ἐκαλεῖτο
489 2484 656 2566 συμμορία
676 2492 743 2546 τῶν
762 2481 878 2564 ὀλίγον
897 2481 985 2547 πάνυ
1004 2505 1137 2571 τετιμη-

117 2586 227 2670 μένων
251 2585 424 2670 άρχυρίου,
449 2587 534 2652 όπλα
557 2583 587 2651 δ’
610 2582 653 2671 ἦν
677 2587 787 2653 αὐτῶν
810 2591 930 2653 σαυνία
952 2586 1008 2653 καὶ
1031 2607 1136 2676 σφεν-

118 2695 227 2758 δόναι·
256 2688 350 2758 οὗτοι
372 2691 464 2770 τάξιν
489 2692 550 2758 οὐκ
574 2689 664 2779 είχου
688 2693 725 2758 έν
747 2694 908 2779 φάλαχχι,
932 2693 1015 2760 ἀλλὰ
1037 2698 1201 2775 ψιλοὶ1451

116 2797 172 2864 καὶ
190 2808 311 2883 κοῦφοι
331 2801 631 2882 συνεστρατεύοντο
650 2811 720 2876 τοῖς
733 2799 882 2877 ὁπλίταις
895 2803 942 2877 είς
955 2803 1136 2888 τριάκοντα

77 2869 236 2990 ξλόχονς
257 2904 460 2992 διηρημένοι.
498 2906 534 2971 οί
549 2904 580 2972 δ’
597 2906 802 2993 άποράτατοι
820 2919 888 2972 τῶν
906 2913 1052 2975 πολιτῶν
1073 2912 1136 2978 οὐκ

189 3105 203 3152 7
224 3093 254 3152 έν
273 3105 334 3161 ταῖς
352 3097 456 3168 μάχαις
474 3095 639 3168 μαχομένων
658 3097 681 3152 Ο
701 3092 732 3152 έν
750 3120 772 3154 τ.
792 3119 819 3169 μ.
839 3099 894 3155 del.
911 3099 1025 3170 Otium,
1044 3122 1136 3174 μαχο-

118 3165 208 3236 μένων
228 3169 282 3223 del.
297 3168 400 3224 Reiske
413 3168 459 3224 vel
478 3169 620 3240 λαχόντων
639 3169 817 3224 scribendum
834 3187 895 3224 esse
910 3174 1013 3241 censet,
1032 3192 1135 3230 τασσο-

118 3236 209 3307 μένων
233 3239 354 3310 Sylburg
427 3247 457 3295 11
483 3239 646 3309 *φυλαλΟ
671 3239 747 3309 λόχοι
770 3241 871 3296 Portus
894 3240 951 3296 ἶλαι
971 3259 1023 3314 ego
1101 3253 1135 3302 15

119 3303 236 3372 έκείνοις
260 3306 393 3366 ἐλάττονα
417 3311 467 3366 καὶ
489 3311 511 3366 0
541 3307 763 3385 έ<λ>αττον<α>
786 3312 809 3365 Β
834 3312 887 3367 del.
906 3312 1025 3369 Hudson
1100 3324 1134 3374 19

116 3380 203 3434 verba
217 3378 257 3443 είς
272 3413 302 3420 -
319 3382 350 3437 δὲ
365 3383 430 3437 add.
445 3383 546 3452 Bbmg
608 3391 642 3438 20
657 3385 814 3456 βυκανιτῶν
828 3384 854 3437 A
868 3384 1135 3462 βυκαν<ισ>τ<ω>ν

117 3451 401 3520 ΒΙσαλπι.στῶνΒ
