2424 3848
495 195 662 281 -ο-
1021 195 1086 259 345

72 357 210 442 τοιαύτη
234 353 271 421 δὲ
296 364 452 444 συμφορᾷ
475 366 531 441 τής
553 360 680 433 πόλεως
703 357 804 439 ούσης
826 367 895 434 τοῖς
918 357 1088 442 ἐξηγηταῖς

71 474 140 528 τῶν
165 463 264 543 ίερῶν
286 465 412 545 γίνεται
435 464 576 546 μήνυσις
598 463 663 528 ὑπὸ
688 464 812 529 δούλου
833 468 936 548 τινός,
959 464 1009 529 ότι
1028 468 1087 548 μία

72 578 140 634 τῶν
171 569 348 653 ἱεροποιῶν
374 567 555 654 παρθένων
581 579 649 634 τῶν
676 575 915 655 φυλαττουσῶν
941 573 979 636 τὸ
1002 569 1087 636 ἀθά-

72 698 176 741 νατον
202 683 269 756 πῦρ
289 671 437 758 Ὀρβινία
464 676 526 759 τήν
547 679 735 760 παρθενίαν
758 675 945 742 ἀπολώλεκε
968 675 1024 742 καὶ
1046 679 1086 742 τά

23 781 146 866 sweep&
169 780 247 845 θύει
270 782 310 845 τά
332 789 390 864 τής
412 784 539 858 πόλεως
562 781 623 847 οὐκ
646 776 731 847 οὖσα
753 783 896 867 καθαρά.
939 783 1086 850 κάκεῖνοι
1113 802 1126 843 ι

72 889 332 972 μεταστήσαντες
363 885 468 971 αὐτήν
497 887 562 953 ἀπὸ
592 898 660 953 τῶν
691 888 789 973 ίερῶν
819 887 875 953 καί
906 888 1088 974 προθέντες

74 995 186 1078 δίκην,
216 991 328 1077 ἐπειδή
351 995 542 1078 καταφανής
565 991 694 1077 ἐγένετο
717 993 928 1079 ἐλεγχθεῖσα,
951 995 1088 1080 ῥάβδοις

72 1098 101 1166 τ’
124 1098 352 1185 ἐμαστίγωσαν
374 1097 428 1165 καί
451 1102 700 1184 πομπεύσαντες
723 1101 778 1165 διά
801 1109 858 1184 τῆς
880 1105 1007 1177 πόλεως
1030 1104 1088 1180 ζῶ·

74 1223 138 1272 σαν
165 1205 366 1290 κατώρυξαν.
413 1216 480 1271 τῶν
505 1203 543 1271 δέ
566 1204 839 1291 διαπραξαμένων
861 1209 924 1292 τήν
947 1206 1123 1274 άνοσίαν4

73 1313 209 1397 φθοράν
230 1312 249 1377 6
272 1308 333 1395 μὲν
352 1310 461 1393 ἕτερος
480 1308 599 1378 ἑαυτὸν
618 1314 826 1398 διεχρήσατο,
848 1316 907 1380 τὸν
926 1311 958 1380 δ’
974 1313 1088 1399 ἕτερον
1101 1333 1127 1373 ιο

74 1419 110 1485 οἱ
124 1429 191 1483 τῶν
211 1418 309 1503 ίερῶν
327 1415 499 1482 ἐπίσκοποι
518 1421 739 1502 συλλαβόντες
757 1417 795 1483 ἐν
813 1418 919 1505 ἀγορᾷ
936 1418 1088 1504 μάστιξιν

73 1524 282 1608 αἰκισάμενοι
310 1523 461 1608 καθάπερ
490 1522 705 1609 ἀνδράποδον
733 1521 938 1590 ἀπέκτειναν.
982 1525 1002 1608 ή
1027 1521 1088 1609 μὲν

74 1626 137 1697 οὖν
160 1633 260 1707 νόσος
282 1630 302 1713 η
326 1631 561 1713 κατασκήψασα
584 1632 631 1707 είς
653 1632 711 1708 τάς
733 1641 892 1714 γυναῖκας
913 1629 968 1697 καὶ
991 1632 1010 1697 6
1028 1652 1088 1696 πο-

74 1740 134 1814 λύς
161 1736 271 1802 αὐτῶν
298 1740 429 1822 φθόρος
455 1737 535 1820 μετά
557 1745 656 1802 τοῦτο
679 1738 716 1802 τὸ
740 1739 840 1823 ἔργον
862 1737 967 1815 εὐθύς
989 1736 1088 1803 ἐπαύ-

75 1860 165 1908 σατο.
1102 1864 1127 1905 15

141 1947 289 2013 XXXXI.
324 1945 374 2012 ‘H
396 1941 427 2012 δ’
453 1947 489 2013 ἐκ
516 1954 642 2015 πολλοῦ
669 1953 793 2035 χρόνον
821 1948 1024 2034 διαμένουσα
1052 1949 1089 2015 ἐν

73 2063 113 2139 τῇ
137 2056 232 2118 πόλει
256 2053 384 2136 στάσις,
409 2052 453 2136 ἣν
475 2055 511 2119 oc
531 2055 671 2137 δημόται
693 2057 776 2140 πρὸς
797 2059 876 2132 τοὺς
897 2057 1089 2138 πατρικίους

76 2159 282 2242 ἐστασίαζον,
315 2155 469 2224 ἀνίστατο
501 2159 611 2224 πάλιν.
663 2159 681 2224 6
715 2155 745 2224 δ’
779 2157 953 2244 ἐξεγείρων
983 2158 1088 2243 αὐτήν

75 2266 244 2349 δήμαρχος
272 2259 315 2348 ἦν
342 2267 494 2342 Πόπλιος
520 2261 693 2350 Βολέρων,
725 2265 743 2330 6
770 2274 816 2352 τῷ
843 2267 995 2350 πρόσθεν
1022 2263 1088 2329 ἐνι-

75 2380 165 2459 αυτῷ
188 2381 259 2447 τοῖς
279 2368 357 2456 περὶ
374 2372 532 2454 Αίμίλιόν
554 2392 589 2434 τε
611 2367 667 2434 καὶ
682 2367 824 2435 Ἰούλιον
842 2370 980 2447 ὑπάτοις
998 2368 1088 2435 ἀπει-
1102 2393 1128 2432 νο

74 2480 195 2561 θήσας,
213 2473 260 2541 ὅτ’
279 2475 383 2542 αὐτὸν
398 2472 472 2541 ἀντὶ
492 2481 637 2560 λοχαγοῦ
651 2476 854 2562 στρατιώτην
867 2474 1089 2562 κατέγραφον,

21 2583 117 2650 85εού
146 2579 189 2647 δι’
216 2583 297 2647 ἀλλο
320 2604 352 2646 τι
375 2585 503 2665 μᾶλλον
525 2579 739 2666 ἀποδειχθείς
760 2580 825 2648 ὑπὸ
848 2592 915 2647 τῶν
937 2585 1088 2667 πενήτων

74 2698 136 2754 τοῦ
159 2689 268 2772 δήμου
291 2686 477 2773 προστάτης
502 2723 540 2734 -
566 2685 663 2770 γένος
685 2711 719 2752 τε
743 2687 806 2773 γάρ
830 2686 866 2752 ἐκ
889 2697 956 2752 τῶν
979 2686 1088 2754 ἐπιτυ-

74 2797 204 2879 χόντων
225 2790 268 2879 ήν
290 2791 346 2859 καὶ
368 2790 596 2880 τεθραμμένος
619 2792 656 2858 ἐν
677 2797 784 2877 πολλή
807 2798 1014 2878 ταπεινότητι
1033 2793 1088 2860 καὶ

75 2900 256 2987 ἀπορίᾳ-
276 2898 348 2965 ἀλλ’
376 2900 427 2965 ότι
454 2901 516 2984 τήν
538 2899 644 2985 ἀρχήν
665 2910 733 2965 τῶν
755 2899 890 2965 ὑπάτων
913 2902 1088 2984 βασιλικὸν
1102 2919 1129 2962 ω

75 3009 218 3091 ἔχουσαν
249 3005 376 3091 ἀξίωμα
411 3003 492 3083 τέως
527 3016 656 3088 πρῶτος
691 3005 806 3084 ἔδοξεν
838 3007 972 3091 ἰδιώτης
1002 3007 1088 3091 ἀνήρ

75 3112 230 3200 ἀπειθείᾳ
251 3122 468 3196 ταπεινῶσαι,
492 3110 548 3177 καὶ
571 3114 618 3178 ἐτι
641 3117 768 3197 μᾶλλον
792 3113 848 3176 διά
869 3114 928 3189 τάς
949 3111 1088 3197 ὑποσχό-

146 3311 163 3359 4
179 3303 306 3378 Ὀρνιβία
323 3303 349 3357 A
421 3310 453 3358 21
475 3304 518 3358 ότι
537 3303 559 3358 Ο
583 3301 628 3358 ὅτε
648 3302 769 3373 Sylburg
792 3299 833 3358 ὅτ’
854 3319 908 3372 ego
980 3310 1014 3359 22
1033 3301 1089 3358 ὑπὸ

74 3385 124 3432 τοῦ
143 3385 198 3430 τῶν
217 3376 345 3442 πενήτων
364 3374 455 3446 δήμου
473 3373 630 3443 προστάτης
649 3374 672 3428 0
691 3389 760 3428 corr.
780 3373 902 3444 Sylburg
969 3381 1004 3430 24
1022 3393 1091 3430 κατ·

75 3445 254 3517 εθραμμένος
272 3447 319 3500 Ba
389 3453 424 3502 26
443 3444 545 3516 ἔχοντα
563 3447 588 3499 Α
1088 3502 1118 3630 i
