2424 3848
551 169 718 218 ..Η-

128 324 278 411 ἀρπαγάς
300 329 501 412 τραπόμενοι
519 328 557 392 τὸ
581 325 618 392 ἐν
635 331 748 416 κόσμφ
766 350 802 392 τε
823 324 878 392 καλ
901 326 990 406 τάξει
1012 328 1142 414 ὑποχω-

54 443 202 518 1716ρείν
225 429 456 518 ἀφῃρέθησαν·
480 428 536 496 καὶ
559 431 622 517 γάρ
640 429 739 518 <καὶ>
759 427 852 498 οὗτοι
875 432 1142 518 καταληφθέντες
1168 416 1172 424 ’

126 538 193 603 ὑπὸ
223 549 291 603 τῶν
321 540 488 620 πολεμίων
518 538 554 602 οί
580 534 641 622 μὲν
671 536 873 623 ἐσφάγησαν,
903 540 939 604 οί
963 537 994 604 δ’
1026 541 1142 627 αίχμά-

127 650 228 710 λωτοι
256 642 461 728 ἐλήφθησαν.
508 643 583 709 ὅσοι
615 640 652 708 δέ
684 644 812 710 τούτων
838 668 874 709 τε
902 642 957 710 καί
984 658 1050 711 τῶν
1077 646 1141 712 ἀπὸ

126 760 188 816 τοῦ
212 753 313 837 όρονς
336 749 598 837 ἀπαραχθέντων
627 750 855 834 διεσώθησαν,
883 747 945 830 ὀψὲ
971 761 1029 835 τῆς
1056 753 1143 836 ὥρας
1170 776 1183 818 5

126 867 195 922 τῶν
220 855 345 922 ἱππέων
369 857 480 934 αὐτοῖς
504 855 812 941 ἐπιβοηθησάντων,
835 856 989 941 ἀπῆλθον
1012 855 1065 924 ἐπὶ
1084 860 1142 924 τὸν

127 963 263 1050 χάρακα.
309 961 417 1029 ἐδόκει
446 961 474 1027 τ’
502 961 615 1040 αὐτοῖς
645 962 872 1047 συλλαβέσθαι
896 973 961 1030 ’τοῦ
989 966 1032 1048 μη
1061 981 1143 1029 πασ-

128 1067 207 1135 συδὶ
231 1071 463 1155 διαφθαρῆναι
485 1070 608 1155 χειμὼν
632 1072 736 1146 πολὺς
754 1068 786 1148 ἐξ
811 1069 959 1156 οὐρανοῦ
982 1093 1143 1156 καταρρα-

129 1172 198 1258 γείς
220 1171 276 1239 καλ
299 1178 430 1259 σκότος,
458 1167 532 1241 οἷον
556 1175 592 1241 ἐν
615 1187 686 1252 ταῖς
708 1179 862 1260 βαθείαις
885 1176 1034 1261 ὁμίχλαις
1056 1180 1143 1258 γίνε-

129 1305 198 1364 ται,
229 1281 247 1346 ὃ
275 1292 344 1358 τοῖς
373 1286 544 1372 πολεμίοις
571 1283 672 1347 όκνον
700 1291 757 1366 τῆς
785 1280 838 1348 ἐπὶ
866 1280 968 1347 πλέον
1001 1280 1144 1359 διώξεως
1158 1307 1185 1348 10

129 1387 293 1475 παρέσχεν
321 1387 361 1453 οὐ
390 1386 591 1472 δυναμένοις
620 1389 660 1453 τά
688 1391 802 1475 πόρρω
829 1395 990 1474 καθορᾶν.
1040 1397 1078 1473 τῇ
1107 1385 1179 1462 δ’4

131 1493 270 1579 ἐπιούση
289 1491 384 1559 νυκτὶ
404 1493 590 1578 ἀναστήσας
607 1495 669 1578 την
687 1495 844 1581 στρατιάν
864 1495 882 1561 ὁ
900 1494 1024 1570 ὕπατος
1040 1493 1144 1577 ἀπῆγε

130 1608 206 1685 σιγῇ
234 1597 289 1664 καὶ
313 1598 350 1665 ἐν
373 1603 502 1688 κόσμφ,
531 1605 650 1665 λαθείν
678 1602 756 1676 τοὺς
781 1602 960 1683 πολεμίους
982 1601 1145 1684 προνοού-

130 1725 243 1789 μενος·
278 1702 334 1770 καλ
367 1703 703 1789 κατεστρατοπέδευσε
738 1706 825 1793 παρά
856 1709 952 1772 πόλει
983 1704 1144 1792 λεγομένη

130 1814 287 1898 Λογγόλᾳ
314 1809 389 1897 περὶ
419 1813 533 1896 δείλην
556 1812 674 1895 ὀψίαν,
700 1814 850 1897 γηλοφον
874 1813 990 1880 ίκανὸν
1015 1811 1145 1899 ἐρύκειν
1159 1838 1185 1880 15

131 1921 209 1995 τοὺς
236 1915 389 1994 ἐπιόντας
416 1916 638 2001 ἐκλεξάμενος.
689 1919 773 1982 ἔνθα
800 1918 977 2002 ὑπομένων
1004 1921 1083 1995 τούς
1110 1943 1144 1984 τε

130 2025 196 2089 ὑπὸ
224 2023 420 2109 τραυμάτων
447 2023 633 2108 κάμνοντας
660 2023 818 2089 ἀνεκτᾶτο
849 2026 1058 2109 θεραπείαις,
1090 2023 1144 2089 καλ

131 2131 209 2206 τοὺς
237 2128 487 2213 ἀδημονοῦντας
514 2126 568 2194 ἐπὶ
597 2137 636 2214 τῇ
658 2129 835 2218 παραδόξφ
858 2138 919 2195 τοῦ
941 2129 1073 2206 πάθους
1096 2132 1145 2194 αί-

132 2238 238 2323 σχύνη
261 2236 564 2319 παραμυθούμενος
586 2235 802 2319 ἀνελάμβανε.

57 2359 130 2410 1717
197 2341 379 2407 LXXXVI.
402 2340 556 2426 Ῥωμαῖοι
575 2339 636 2427 μὲν
653 2337 716 2408 οὖν
735 2340 772 2408 ἐν
790 2343 920 2418 τούτοις
938 2336 1037 2425 ἦσαν·
1059 2342 1145 2408 Ούο-
1159 2368 1186 2409 ιο

132 2454 270 2515 λοῠσκοι
293 2446 337 2533 δ’,
361 2447 473 2531 ἐπειδὴ
494 2447 597 2535 ἡμέρα
617 2447 646 2513 τ’
671 2445 874 2531 ἐγένετοκαὶ
898 2450 1048 2530 ἔγνωσαν
1066 2451 1145 2526 τοὺς

132 2558 310 2638 πολεμίους
328 2553 557 2637 ἐκλελοιπότας
574 2557 634 2620 τὸν
651 2555 790 2641 χάρακα,
809 2556 1053 2638 προσελθόντες
1070 2577 1146 2620 κατ-

132 2660 444 2747 εστρατοπέδευσαν.
482 2661 721 2736 σκυλεύσαντες
742 2657 779 2724 δὲ
797 2662 876 2736 τοὺς
893 2670 960 2724 τῶν
979 2664 1146 2745 πολεμίων

132 2770 272 2854 νεκροὺς
289 2766 345 2832 καὶ
363 2769 441 2843 τοὺς
458 2766 655 2850 ἡμιθνῆτας,
678 2759 728 2843 οἷς
748 2769 964 2849 σωθήσεσθαι
982 2764 1074 2842 ἐλπὶς
1092 2760 1146 2850 ην,

133 2872 328 2957 ἀνελόμενοι
355 2873 460 2957 ταφάς
491 2895 526 2937 τε
554 2874 771 2957 ποιησάμενοι
801 2882 869 2937 τῶν
897 2869 1066 2958 σφετέρων
1093 2894 1146 2936 νε-
1160 2894 1187 2935 τι

206 3071 220 3118 1
240 3065 396 3135 ὑποχωρεῖν
414 3062 465 3118 Ac
483 3063 641 3135 ἀποχωρεῖν
659 3064 683 3117 Β
763 3071 779 3119 2
799 3062 848 3117 καὶ
866 3062 919 3133 γὰρ
938 3061 987 3116 καλ
1006 3057 1084 3117 οὗτοι
1101 3060 1147 3115 vel

134 3136 181 3190 καὶ
202 3130 280 3189 οὗτοι
297 3135 351 3205 γὰρ
370 3153 393 3190 ο.
414 3134 536 3204 Sylburg
553 3135 603 3190 καλ
620 3134 673 3205 γάρ
693 3130 771 3190 οὗτοι
790 3134 813 3190 0
895 3139 913 3187 4
932 3132 993 3188 ὅσοι
1011 3131 1042 3187 δὲ
1062 3149 1148 3201 supra

133 3206 183 3261 lin.
201 3206 249 3260 Bb
275 3210 278 3274 Ι
305 3206 361 3260 ὑπὸ
379 3214 429 3260 τοῦ
448 3205 531 3276 ὅρους
549 3206 571 3258 Β
591 3207 641 3260 sed
660 3207 694 3261 cf.
714 3206 801 3260 Thuo.
820 3205 881 3273 VII,
897 3210 930 3260 63
1004 3202 1148 3291 HQ>-

134 3276 331 3346 φθαρῆναιΒ
427 3281 460 3330 13
484 3274 633 3350 <σι>γῇΒ
729 3283 763 3332 14
786 3275 864 3346 παρά
888 3274 970 3330 πόλιν
993 3279 1147 3344 λεγομενην

134 3346 311 3474 λογρχγέλαέ
320 3347 347 3401 A
435 3354 468 3402 21
488 3345 514 3401 τ’
536 3348 643 3404 add.B
733 3355 767 3404 22
787 3345 992 3417 προσελθόντες
1010 3346 1055 3400 Ba
1078 3364 1149 3415 προ-

135 3423 188 3474 ελθ
205 3437 268 3482 ντες
1141 3474 1142 3479 η

188 3518 418 3558 D10urs.HA11.III.
446 3526 486 3558 nn.
500 3517 603 3560 λεεωεν.
954 3512 986 3562 17
