2424 3848
0 41 6 116 ἰ

1 129 6 204 ρ

157 191 202 256 24
581 195 743 244 -z-

160 366 252 421 σῖτον
275 353 408 441 ἀπορία,
431 353 543 438 ἐπειδὴ
566 355 627 438 τὴν
651 353 847 440 ἐλευθερίαν
864 352 1015 420 ἀκόντων
1033 353 1173 420 ἐκείνων

3 468 4 516 ἰ
123 461 177 528 4ό
202 463 305 546 δῆμος
323 460 359 526 έκ
377 470 434 546 τῆς
452 460 663 538 ἀποστάσεως
681 460 804 544 εὕρετο.
842 463 1025 547 ἰσομοιρεῖν
1043 454 1070 525 τ’
1091 457 1173 526 οὐδὲ

158 568 240 633 κατὰ
258 570 378 652 μικρὸν
396 565 582 653 ἀπέφαινον
599 575 656 652 τῆς
675 576 848 653 συμφορᾶς
869 578 939 644 τοῖς
955 571 1075 652 πένησι
1093 570 1172 645 τοὺς

159 674 333 760 εὐπόρους·
353 673 492 752 ἐκείνοις
503 670 571 758 ’μὲν
590 674 653 760 γὰρ
672 669 759 739 εἰναι
776 670 831 738 καί
848 674 973 760 τροφὰς
992 672 1030 738 έν
1050 673 1173 759 ἀφανεῖ

131 779 375 865 εάποκειμένας
397 779 453 846 καί
474 782 634 866 χρήματα,
662 771 712 857 οἷς
735 780 920 864 ὠνούμενοι
942 780 1000 856 τάς
1023 779 1172 846 ε’πεισάκ-

157 912 236 965 τους
258 887 381 974 ἀγορὰς
404 886 441 953 έν
463 892 568 972 πολλῇ
590 886 756 974 ὑπεροψίᾳ
777 880 863 970 ἦσαν
881 896 942 963 τοῦ
964 896 1079 972 κακοῦ,
1102 898 1173 963 τοῖς

158 991 196 1059 δὲ
216 996 373 1079 δημόταις
391 993 560 1079 ἀμφότερα
577 989 667 1059 ταῦτ’
690 989 822 1078 ἀπόρως
841 995 941 1079 ἔχειν·
965 995 1025 1077 τήν
1043 990 1070 1058 τ’
1089 991 1173 1059 ἀπο-

4 1170 6 1195 ,
159 1101 281 1184 στολὴν
294 1112 361 1165 τῶν
370 1101 577 1186 κληρούχων,
590 1099 634 1184 ἣν
647 1098 843 1183 ἐποιήσαντο
858 1101 906 1176 εἰς
919 1100 1041 1183 νοσερά
1055 1103 1173 1185 χωρία,

5 1227 7 1284 ί
158 1206 300 1292 ἐκβολὴν
323 1206 565 1294 ἀποφαίνοντες
587 1209 635 1284 εἰς
656 1216 810 1292 προφανῆ
829 1205 884 1271 καί
902 1215 1016 1294 μακρῷ
1038 1210 1174 1292 χείρονα

2 1300 12 1369 ἰ
118 1338 144 1379 ιο
158 1316 314 1401 όλεθρον,
337 1313 493 1392 αὔξοντες
516 1314 561 1391 ὡς
583 1314 723 1398 μάλιστα
746 1310 884 1379 δυνατοί
906 1308 992 1397 ἦσαν
1012 1320 1058 1401 τῷ
1082 1314 1172 1401 λόγῳ

155 1421 197 1485 τά
225 1421 334 1505 δεινά,
366 1419 422 1486 καί
449 1424 484 1485 τί
507 1418 608 1505 πέρας
640 1422 730 1485 ἔσται
762 1430 830 1484 τῶν
860 1428 972 1485 κακῶν
1003 1417 1173 1496 ἀξιοῦντες

157 1533 292 1611 μαθεῖν,
314 1524 620 1610 ὑπομιμνήσκοντές
642 1549 675 1591 τε
694 1537 761 1592 τῶν
778 1531 930 1591 παλαιῶν
948 1525 1070 1603 αὐτοὺς
1088 1528 1209 1594 αἰκι-13

159 1643 263 1716 σμῶν,
286 1623 337 1709 οἷς
359 1631 424 1697 ὑπὸ
446 1643 515 1697 τῶν
537 1634 707 1698 πλουσίων
731 1634 849 1719 έτυχον
871 1631 1087 1716 αἰκισθέντες,
1117 1630 1174 1697 καὶ

7 1724 13 1832 γ’
123 1733 261 1811 5τάλλα
283 1738 323 1803 τὰ
342 1739 439 1823 ὅμοια
458 1740 588 1815 τούτοις
605 1740 687 1804 κατὰ
705 1740 833 1823 πολλὴν
851 1741 967 1804 ἀδειαν
987 1738 1175 1816 διεξιόντες.

7 1833 9 1873 ³
119 1868 145 1909 15
159 1851 321 1910 τελευτῶν
345 1841 375 1910 δ’
403 1845 421 1911 ὁ
441 1848 590 1930 Βροῦτος
612 1847 660 1921 εἰς
683 1843 821 1929 ἀπειλήν
844 1868 918 1911 τινα
940 1845 1072 1911 τοιάνδε
1096 1867 1174 1910 κατ-

6 1932 14 1952 ..
159 1949 284 2016 ἔκλεισε
305 1951 365 2016 τὸν
388 1953 506 2034 λόγον,
533 1951 577 2026 ὡς
600 1952 632 2015 εἰ
657 1954 858 2034 βουληθεῖεν
881 1951 969 2039 αὐτῷ
992 1954 1173 2016 πεύθεσθαι

159 2059 215 2123 διδι
237 2056 364 2143 ταχέων
387 2057 672 2142 προσαναγκάσων
694 2060 773 2134 τοὺς
800 2057 1022 2134 ἐκκαύσαντας
1044 2060 1080 2123 τὸ
1105 2059 1173 2122 δει-

159 2167 222 2230 νὸν
244 2162 343 2249 <καί>
365 2162 573 2247 κατασβέσαι.
608 2164 629 2248 ἡ
653 2160 715 2248 μέν
738 2165 779 2249 δὴ
804 2163 958 2248 ἐκκλησία
982 2164 1138 2239 διελύετο.

7 2336 10 2341 ⁴
225 2269 295 2336 XV.
326 2272 370 2336 Οἰ
396 2267 426 2335 δ’
452 2270 571 2336 ὕπατοι
597 2278 637 2356 τῇ
665 2273 804 2336 κατόπιν
830 2270 936 2358 ἡμέρᾳ
964 2269 1173 2336 συνεκάλουν

8 2382 10 2469 ᾗ
120 2402 146 2442 εο
159 2379 220 2462 την
242 2378 370 2461 βουλὴν
392 2380 570 2462 περίφοβοι
589 2379 682 2453 ὄντες
700 2373 753 2442 έπί
771 2388 841 2454 τοῖς
859 2375 1174 2461 καινοτομουμένοις

158 2482 214 2549 καί
241 2485 302 2568 τὴν
328 2492 388 2549 τοῦ
411 2485 563 2570 Βρούτου
592 2485 798 2568 δημοκοπίαν
826 2485 873 2560 εἰς
900 2481 983 2568 μέγα
1008 2507 1041 2548 τι
1068 2485 1174 2549 κακὸν

158 2590 364 2674 ἀποσκήψειν
388 2592 545 2675 οἰόμενοι.
588 2589 706 2656 πολλοί
733 2587 794 2675 μέν
811 2591 863 2674 Ιδὴ
887 2587 942 2655 καί
964 2587 1173 2656 παντοδαποὶ

157 2698 224 2764 ὑπό
243 2692 271 2762 τ’
290 2696 401 2762 αὐτῶν
419 2696 556 2763 ἐκτείνων
571 2695 762 2783 ἐρρήθησαν
781 2695 818 2763 έν
832 2706 878 2784 τῷ
892 2698 1057 2785 συνεδρίῳ
1076 2700 1174 2780 λόγοι

158 2804 213 2871 καί
240 2804 306 2871 ὑπὸ
333 2814 401 2870 τῶν
423 2804 534 2868 ἀλλων
556 2801 807 2890 πρεσβυτέρων,
834 2814 901 2869 τῶν
924 2800 986 2887 μὲν
1009 2800 1174 2887 οἰομένων

119 2937 145 2977 σε
160 2912 232 2976 δεῖν
246 2911 446 2997 θεραπεύειν
464 2913 523 2976 τὸν
543 2896 650 2994 δῆμον
669 2909 777 2996 ἀπάση
795 2910 1040 2998 εύπροσηγορία
1060 2913 1174 2994 λόγων

230 3099 471 3172 ὁπαρακειμένας
486 3101 508 3156 Ο
532 3099 722 3172 ἀποκειμένας
735 3119 759 3158 ο.
774 3101 897 3158 Sintenis
920 3103 981 3158 Em.
995 3101 1077 3157 Dion.
1086 3102 1126 3155 HI
1137 3108 1173 3158 10

161 3179 194 3227 13
214 3171 266 3244 οίς]
286 3174 334 3236 οὓς
352 3190 375 3229 ο.
394 3172 539 3242 Kiessling
629 3181 662 3228 16
682 3173 709 3228 εἰ
745 3173 806 3242 ὴΑ
896 3172 1170 3246 17διδιοαι.Βοί

158 3238 393 3316 <έκ>καύσαντας
411 3243 457 3298 Bb
516 3251 549 3300 18
568 3244 617 3298 καί
635 3245 699 3300 add.
719 3194 808 3299 &obet
826 3244 891 3300 Obs.
909 3263 937 3315 p.
953 3249 1004 3298 138
1021 3248 1025 3311 Ι
1042 3238 1089 3298 έπί
1106 3245 1174 3298 τού-

158 3334 217 3376 τοις
235 3315 359 3370 διελύετο
378 3332 400 3371 ο.
419 3314 524 3370 Reiske
622 3322 656 3371 21
676 3317 863 3386 δημ.κοπίαν
881 3316 904 3368 Β
1001 3320 1035 3370 23
1055 3310 1086 3369 έν
1106 3315 1173 3373 add.

158 3385 265 3454 chg
318 3393 352 3440 25
372 3387 571 3462 *προσηγορίᾳ
589 3387 611 3442 Ο
630 3389 786 3462 προσηνείρι
803 3404 827 3443 ο.
841 3386 945 3442 Reiske
965 3387 1173 3466 εἰπροσηχορίρι

39 3468 67 3474 ·’
161 3472 214 3526 ego
234 3457 268 3511 of.
287 3457 417 3525 11148,4
435 3457 458 3527 (Ι
473 3465 533 3528 364,
549 3459 594 3528 20)
607 3458 691 3512 Ιεοοτ.
710 3476 737 3527 p.
753 3465 787 3514 66
