<?xml version="1.0" encoding="UTF-8"?>
<!DOCTYPE html PUBLIC "-//W3C//DTD XHTML 1.0 Transitional//EN"
    "http://www.w3.org/TR/xhtml1/DTD/xhtml1-transitional.dtd">
<html xmlns="http://www.w3.org/1999/xhtml" xml:lang="en" lang="en">
 <head>
  <title>
</title>
<meta http-equiv="Content-Type" content="text/html;charset=utf-8" />
  <meta name='ocr-system' content='tesseract 3.04.00' />
  <meta name='ocr-capabilities' content='ocr_page ocr_carea ocr_par ocr_line ocrx_word'/>
</head>
<body>
  <div class='ocr_page' id='page_1' title='image "./dionysihalicarn04diongoog_0023.png"; bbox 0 0 2424 3848; ppageno 0'>
   <div class='ocr_carea' id='block_1_1' title="bbox 86 170 711 235">
    <p class='ocr_par' dir='ltr' id='par_1_1' title="bbox 86 170 711 235">
     <span class='ocr_line' id='line_1_1' title="bbox 86 170 711 235; baseline 0.008 -5"><span class='ocrx_word' id='word_1_1' title='bbox 86 170 169 235; x_wconf 91' lang='grc'><strong><em>,14</em></strong></span> <span class='ocrx_word' id='word_1_2' title='bbox 550 175 711 222; x_wconf 84' lang='grc' dir='ltr'><strong><em>-Ζ-</em></strong></span> 
     </span>
    </p>
   </div>
   <div class='ocr_carea' id='block_1_2' title="bbox 54 327 1202 3064">
    <p class='ocr_par' dir='ltr' id='par_1_2' title="bbox 88 327 1138 1263">
     <span class='ocr_line' id='line_1_2' title="bbox 88 327 1138 418; baseline 0 -21"><span class='ocrx_word' id='word_1_3' title='bbox 88 333 236 399; x_wconf 84' lang='grc' dir='ltr'><strong><em>4ἀλλων</em></strong></span> <span class='ocrx_word' id='word_1_4' title='bbox 257 332 421 416; x_wconf 86' lang='grc' dir='ltr'><strong><em>ἀμείνους.</em></strong></span> <span class='ocrx_word' id='word_1_5' title='bbox 458 327 505 398; x_wconf 78' lang='grc' dir='ltr'><strong><em>ὧν</em></strong></span> <span class='ocrx_word' id='word_1_6' title='bbox 525 329 556 398; x_wconf 88' lang='grc' dir='ltr'><strong><em>δ’</em></strong></span> <span class='ocrx_word' id='word_1_7' title='bbox 574 330 763 398; x_wconf 84' lang='grc' dir='ltr'><strong><em>ἀπέκτεινεν</em></strong></span> <span class='ocrx_word' id='word_1_8' title='bbox 782 331 915 418; x_wconf 83' lang='grc' dir='ltr'><strong><em>ἀνδρῶν</em></strong></span> <span class='ocrx_word' id='word_1_9' title='bbox 934 333 990 409; x_wconf 87' lang='grc' dir='ltr'><strong><em>τάς</em></strong></span> <span class='ocrx_word' id='word_1_10' title='bbox 1008 334 1138 409; x_wconf 77' lang='grc' dir='ltr'><strong><em>εἰκόνας</em></strong></span> 
     </span>
     <span class='ocr_line' id='line_1_3' title="bbox 125 436 1138 525; baseline -0.003 -20"><span class='ocrx_word' id='word_1_11' title='bbox 125 439 253 505; x_wconf 84' lang='grc' dir='ltr'><strong><em>ἀνελὼν</em></strong></span> <span class='ocrx_word' id='word_1_12' title='bbox 276 438 312 504; x_wconf 82' lang='grc' dir='ltr'><strong><em>ἐκ</em></strong></span> <span class='ocrx_word' id='word_1_13' title='bbox 333 440 455 515; x_wconf 88' lang='grc' dir='ltr'><strong><em>παντὸς</em></strong></span> <span class='ocrx_word' id='word_1_14' title='bbox 474 439 566 525; x_wconf 85' lang='grc' dir='ltr'><strong><em>ίεροῦ</em></strong></span> <span class='ocrx_word' id='word_1_15' title='bbox 583 436 639 503; x_wconf 85' lang='grc' dir='ltr'><strong><em>καὶ</em></strong></span> <span class='ocrx_word' id='word_1_16' title='bbox 657 440 803 523; x_wconf 76' lang='grc' dir='ltr'><em>βεβήλου</em></span> <span class='ocrx_word' id='word_1_17' title='bbox 822 442 937 522; x_wconf 80' lang='grc' dir='ltr'><strong>τόπου,</strong></span> <span class='ocrx_word' id='word_1_18' title='bbox 959 436 1071 523; x_wconf 80' lang='grc' dir='ltr'><em>φέρων</em></span> <span class='ocrx_word' id='word_1_19' title='bbox 1091 440 1138 514; x_wconf 91' lang='grc' dir='ltr'><strong><em>είς</em></strong></span> 
     </span>
     <span class='ocr_line' id='line_1_4' title="bbox 123 541 1136 627; baseline -0.003 -16"><span class='ocrx_word' id='word_1_20' title='bbox 123 548 202 622; x_wconf 88' lang='grc' dir='ltr'><strong><em>τοὺς</em></strong></span> <span class='ocrx_word' id='word_1_21' title='bbox 224 545 345 622; x_wconf 83' lang='grc' dir='ltr'><strong><em>αὐτοὺς</em></strong></span> <span class='ocrx_word' id='word_1_22' title='bbox 365 547 488 620; x_wconf 80' lang='grc' dir='ltr'><strong><em>τόπους</em></strong></span> <span class='ocrx_word' id='word_1_23' title='bbox 510 545 568 620; x_wconf 90' lang='grc' dir='ltr'><strong><em>τάς</em></strong></span> <span class='ocrx_word' id='word_1_24' title='bbox 590 545 677 620; x_wconf 89' lang='grc' dir='ltr'><strong><em>ίδίας</em></strong></span> <span class='ocrx_word' id='word_1_25' title='bbox 699 541 769 627; x_wconf 82' lang='grc' dir='ltr'><strong><em>ἀντ’</em></strong></span> <span class='ocrx_word' id='word_1_26' title='bbox 789 543 925 609; x_wconf 80' lang='grc' dir='ltr'><strong><em>ἐκείνων</em></strong></span> <span class='ocrx_word' id='word_1_27' title='bbox 943 541 1136 627; x_wconf 80' lang='grc' dir='ltr'><strong><em>ἀνέστησεν·</em></strong></span> 
     </span>
     <span class='ocr_line' id='line_1_5' title="bbox 124 646 1137 735; baseline -0.002 -20"><span class='ocrx_word' id='word_1_28' title='bbox 124 653 229 727; x_wconf 78' lang='grc' dir='ltr'><strong><em>οἰκίας</em></strong></span> <span class='ocrx_word' id='word_1_29' title='bbox 256 646 287 715; x_wconf 87' lang='grc' dir='ltr'><strong><em>δ’</em></strong></span> <span class='ocrx_word' id='word_1_30' title='bbox 314 650 424 716; x_wconf 79' lang='grc' dir='ltr'><strong><em>αὐτῶν</em></strong></span> <span class='ocrx_word' id='word_1_31' title='bbox 446 647 502 714; x_wconf 80' lang='grc' dir='ltr'><strong><em>καὶ</em></strong></span> <span class='ocrx_word' id='word_1_32' title='bbox 524 651 667 735; x_wconf 78' lang='grc' dir='ltr'><strong><em>κλήρους</em></strong></span> <span class='ocrx_word' id='word_1_33' title='bbox 689 648 745 715; x_wconf 80' lang='grc' dir='ltr'><strong><em>καὶ</em></strong></span> <span class='ocrx_word' id='word_1_34' title='bbox 767 649 828 732; x_wconf 78' lang='grc' dir='ltr'><strong><em>τὴν</em></strong></span> <span class='ocrx_word' id='word_1_35' title='bbox 853 650 973 733; x_wconf 84' lang='grc' dir='ltr'><strong><em>λοιπην</em></strong></span> <span class='ocrx_word' id='word_1_36' title='bbox 996 647 1137 733; x_wconf 77' lang='grc' dir='ltr'><strong><em>ὕπαρξιν</em></strong></span> 
     </span>
     <span class='ocr_line' id='line_1_6' title="bbox 97 752 1137 841; baseline -0.001 -23"><span class='ocrx_word' id='word_1_37' title='bbox 97 755 316 840; x_wconf 83' lang='grc' dir='ltr'><strong><em>ιάναλαβών,</em></strong></span> <span class='ocrx_word' id='word_1_38' title='bbox 344 755 534 839; x_wconf 79' lang='grc' dir='ltr'><strong><em>ἐξελόμενος</em></strong></span> <span class='ocrx_word' id='word_1_39' title='bbox 560 757 685 841; x_wconf 87' lang='grc' dir='ltr'><strong><em>χρυσὸν</em></strong></span> <span class='ocrx_word' id='word_1_40' title='bbox 712 754 767 821; x_wconf 76' lang='grc' dir='ltr'><strong><em>καὶ</em></strong></span> <span class='ocrx_word' id='word_1_41' title='bbox 794 756 943 840; x_wconf 76' lang='grc' dir='ltr'><strong><em>ἄργυρον</em></strong></span> <span class='ocrx_word' id='word_1_42' title='bbox 971 752 1025 818; x_wconf 83' lang='grc' dir='ltr'><strong><em>καὶ</em></strong></span> <span class='ocrx_word' id='word_1_43' title='bbox 1053 760 1087 818; x_wconf 83' lang='grc' dir='ltr'><strong><em>εί</em></strong></span> <span class='ocrx_word' id='word_1_44' title='bbox 1105 777 1137 818; x_wconf 94' lang='grc' dir='ltr'><strong><em>τι</em></strong></span> 
     </span>
     <span class='ocr_line' id='line_1_7' title="bbox 123 855 1136 946; baseline -0.001 -20"><span class='ocrx_word' id='word_1_45' title='bbox 123 863 205 928; x_wconf 87' lang='grc' dir='ltr'><strong><em>ἀλλο</em></strong></span> <span class='ocrx_word' id='word_1_46' title='bbox 230 863 430 946; x_wconf 78' lang='grc' dir='ltr'><strong><em>τυραννίδος</em></strong></span> <span class='ocrx_word' id='word_1_47' title='bbox 452 855 494 944; x_wconf 78' lang='grc' dir='ltr'><strong><em>ἦν</em></strong></span> <span class='ocrx_word' id='word_1_48' title='bbox 518 860 612 938; x_wconf 81' lang='grc' dir='ltr'><strong><em>ἀξιον</em></strong></span> <span class='ocrx_word' id='word_1_49' title='bbox 634 870 755 944; x_wconf 81' lang='grc' dir='ltr'><strong><em>κτῆμα,</em></strong></span> <span class='ocrx_word' id='word_1_50' title='bbox 783 862 822 927; x_wconf 86' lang='grc' dir='ltr'><strong><em>τά</em></strong></span> <span class='ocrx_word' id='word_1_51' title='bbox 845 862 943 936; x_wconf 82' lang='grc' dir='ltr'><strong><em>λοιπά</em></strong></span> <span class='ocrx_word' id='word_1_52' title='bbox 966 871 1035 936; x_wconf 76' lang='grc' dir='ltr'><strong><em>τοῖς</em></strong></span> <span class='ocrx_word' id='word_1_53' title='bbox 1058 877 1136 942; x_wconf 93' lang='grc' dir='ltr'><strong><em>συγ-</em></strong></span> 
     </span>
     <span class='ocr_line' id='line_1_8' title="bbox 122 962 1136 1052; baseline -0.004 -19"><span class='ocrx_word' id='word_1_54' title='bbox 122 967 384 1033; x_wconf 87' lang='grc' dir='ltr'><strong><em>κατασκευάσασι</em></strong></span> <span class='ocrx_word' id='word_1_55' title='bbox 411 968 472 1051; x_wconf 82' lang='grc' dir='ltr'><strong><em>την</em></strong></span> <span class='ocrx_word' id='word_1_56' title='bbox 500 967 605 1052; x_wconf 74' lang='grc' dir='ltr'><strong><em>ἀρχὴν</em></strong></span> <span class='ocrx_word' id='word_1_57' title='bbox 629 966 817 1051; x_wconf 82' lang='grc' dir='ltr'><strong><em>ἐχαρίσατο,</em></strong></span> <span class='ocrx_word' id='word_1_58' title='bbox 844 969 998 1042; x_wconf 78' lang='grc' dir='ltr'><strong><em>πλείστας</em></strong></span> <span class='ocrx_word' id='word_1_59' title='bbox 1022 962 1058 1032; x_wconf 73' lang='grc' dir='ltr'><strong><em>δὲ</em></strong></span> <span class='ocrx_word' id='word_1_60' title='bbox 1080 963 1136 1030; x_wconf 77' lang='grc' dir='ltr'><strong><em>καί</em></strong></span> 
     </span>
     <span class='ocr_line' id='line_1_9' title="bbox 123 1070 1136 1159; baseline -0.004 -20"><span class='ocrx_word' id='word_1_61' title='bbox 123 1077 276 1159; x_wconf 78' lang='grc' dir='ltr'><strong><em>μεγίστας</em></strong></span> <span class='ocrx_word' id='word_1_62' title='bbox 299 1073 425 1156; x_wconf 85' lang='grc' dir='ltr'><strong><em>δωρεάς</em></strong></span> <span class='ocrx_word' id='word_1_63' title='bbox 448 1084 516 1149; x_wconf 79' lang='grc' dir='ltr'><strong><em>τοῖς</em></strong></span> <span class='ocrx_word' id='word_1_64' title='bbox 538 1072 749 1138; x_wconf 87' lang='grc' dir='ltr'><strong><em>ἀποκτείνασι</em></strong></span> <span class='ocrx_word' id='word_1_65' title='bbox 772 1076 848 1149; x_wconf 86' lang='grc' dir='ltr'><strong><em>τοὺς</em></strong></span> <span class='ocrx_word' id='word_1_66' title='bbox 872 1070 998 1138; x_wconf 83' lang='grc' dir='ltr'><strong><em>ἑαυτῶν</em></strong></span> <span class='ocrx_word' id='word_1_67' title='bbox 1019 1074 1136 1136; x_wconf 90' lang='grc' dir='ltr'><strong><em>δεσπό-</em></strong></span> 
     </span>
     <span class='ocr_line' id='line_1_10' title="bbox 121 1176 1136 1263; baseline -0.002 -19"><span class='ocrx_word' id='word_1_68' title='bbox 121 1202 179 1257; x_wconf 92' lang='grc' dir='ltr'><strong><em>τας</em></strong></span> <span class='ocrx_word' id='word_1_69' title='bbox 203 1179 330 1246; x_wconf 79' lang='grc' dir='ltr'><strong><em>ἐδίδου·</em></strong></span> <span class='ocrx_word' id='word_1_70' title='bbox 355 1179 390 1245; x_wconf 89' lang='grc' dir='ltr'><strong><em>οί</em></strong></span> <span class='ocrx_word' id='word_1_71' title='bbox 407 1176 436 1243; x_wconf 91' lang='grc' dir='ltr'><strong><em>δ’</em></strong></span> <span class='ocrx_word' id='word_1_72' title='bbox 457 1177 573 1263; x_wconf 79' lang='grc' dir='ltr'><strong><em>ἠξίουν</em></strong></span> <span class='ocrx_word' id='word_1_73' title='bbox 593 1180 641 1243; x_wconf 81' lang='grc' dir='ltr'><strong><em>ἔτι</em></strong></span> <span class='ocrx_word' id='word_1_74' title='bbox 659 1176 714 1244; x_wconf 79' lang='grc' dir='ltr'><strong><em>καί</em></strong></span> <span class='ocrx_word' id='word_1_75' title='bbox 733 1177 864 1262; x_wconf 80' lang='grc' dir='ltr'><strong><em>γυναιξὶ</em></strong></span> <span class='ocrx_word' id='word_1_76' title='bbox 881 1190 949 1244; x_wconf 83' lang='grc' dir='ltr'><strong><em>τῶν</em></strong></span> <span class='ocrx_word' id='word_1_77' title='bbox 967 1180 1136 1244; x_wconf 82' lang='grc' dir='ltr'><strong><em>δεσποτῶν</em></strong></span> 
     </span>
    </p>

    <p class='ocr_par' dir='ltr' id='par_1_3' title="bbox 83 1285 589 1371">
     <span class='ocr_line' id='line_1_11' title="bbox 83 1285 589 1371; baseline 0.002 -23"><span class='ocrx_word' id='word_1_78' title='bbox 83 1308 109 1348; x_wconf 87' lang='lat'><strong><em>1⁰</em></strong></span> <span class='ocrx_word' id='word_1_79' title='bbox 123 1285 178 1352; x_wconf 84' lang='grc' dir='ltr'><strong><em>καὶ</em></strong></span> <span class='ocrx_word' id='word_1_80' title='bbox 200 1287 387 1371; x_wconf 70' lang='grc' dir='ltr'><strong><em>θυγατράσι</em></strong></span> <span class='ocrx_word' id='word_1_81' title='bbox 411 1296 589 1350; x_wconf 80' lang='grc' dir='ltr'><strong><em>συνοικεῖν.</em></strong></span> 
     </span>
    </p>

    <p class='ocr_par' dir='ltr' id='par_1_4' title="bbox 54 1378 1202 1794">
     <span class='ocr_line' id='line_1_12' title="bbox 54 1378 1135 1476; baseline -0.004 -19"><span class='ocrx_word' id='word_1_82' title='bbox 54 1378 57 1385; x_wconf 44' lang='grc'>’</span> <span class='ocrx_word' id='word_1_83' title='bbox 189 1391 298 1457; x_wconf 89' lang='lat' dir='ltr'>VIIII.</span> <span class='ocrx_word' id='word_1_84' title='bbox 329 1393 460 1457; x_wconf 86' lang='grc' dir='ltr'><strong><em>,Γενεάν</em></strong></span> <span class='ocrx_word' id='word_1_85' title='bbox 488 1388 526 1456; x_wconf 72' lang='grc' dir='ltr'><strong><em>δὲ</em></strong></span> <span class='ocrx_word' id='word_1_86' title='bbox 552 1402 619 1456; x_wconf 80' lang='grc' dir='ltr'><strong><em>τῶν</em></strong></span> <span class='ocrx_word' id='word_1_87' title='bbox 646 1388 904 1476; x_wconf 82' lang='grc' dir='ltr'><strong><em>πεφονευμένων</em></strong></span> <span class='ocrx_word' id='word_1_88' title='bbox 929 1391 990 1474; x_wconf 78' lang='grc' dir='ltr'><strong><em>τὴν</em></strong></span> <span class='ocrx_word' id='word_1_89' title='bbox 1013 1391 1135 1475; x_wconf 79' lang='grc' dir='ltr'><strong><em>ἄρρενα</em></strong></span> 
     </span>
     <span class='ocr_line' id='line_1_13' title="bbox 122 1493 1132 1585; baseline -0.003 -22"><span class='ocrx_word' id='word_1_90' title='bbox 122 1495 191 1564; x_wconf 87' lang='grc' dir='ltr'><strong><em>κατ’</em></strong></span> <span class='ocrx_word' id='word_1_91' title='bbox 215 1496 316 1583; x_wconf 82' lang='grc' dir='ltr'><strong><em>ἀρχάς</em></strong></span> <span class='ocrx_word' id='word_1_92' title='bbox 338 1496 375 1561; x_wconf 93' lang='grc' dir='ltr'><strong><em>ε’ν</em></strong></span> <span class='ocrx_word' id='word_1_93' title='bbox 398 1495 516 1562; x_wconf 84' lang='grc' dir='ltr'><strong><em>οὐθενὶ</em></strong></span> <span class='ocrx_word' id='word_1_94' title='bbox 538 1500 627 1585; x_wconf 78' lang='grc' dir='ltr'><strong><em>λόγῳ</em></strong></span> <span class='ocrx_word' id='word_1_95' title='bbox 650 1496 888 1580; x_wconf 83' lang='grc' dir='ltr'><strong><em>ποιησάμενος,</em></strong></span> <span class='ocrx_word' id='word_1_96' title='bbox 910 1496 1051 1581; x_wconf 80' lang='grc' dir='ltr'><strong><em>ὕστερον</em></strong></span> <span class='ocrx_word' id='word_1_97' title='bbox 1074 1493 1132 1561; x_wconf 75' lang='grc' dir='ltr'><strong><em>εἴτ’</em></strong></span> 
     </span>
     <span class='ocr_line' id='line_1_14' title="bbox 123 1600 1134 1688; baseline -0.004 -19"><span class='ocrx_word' id='word_1_98' title='bbox 123 1603 159 1669; x_wconf 82' lang='grc' dir='ltr'><strong><em>ἐκ</em></strong></span> <span class='ocrx_word' id='word_1_99' title='bbox 181 1604 387 1686; x_wconf 75' lang='grc' dir='ltr'><strong><em>θεοπροπίου</em></strong></span> <span class='ocrx_word' id='word_1_100' title='bbox 405 1604 495 1678; x_wconf 86' lang='grc' dir='ltr'><strong><em>τινὸς</em></strong></span> <span class='ocrx_word' id='word_1_101' title='bbox 514 1608 577 1666; x_wconf 85' lang='grc' dir='ltr'><strong><em>είτε</em></strong></span> <span class='ocrx_word' id='word_1_102' title='bbox 595 1600 651 1688; x_wconf 69' lang='grc' dir='ltr'><strong><em>καί</em></strong></span> <span class='ocrx_word' id='word_1_103' title='bbox 668 1603 751 1667; x_wconf 81' lang='grc' dir='ltr'><strong><em>κατὰ</em></strong></span> <span class='ocrx_word' id='word_1_104' title='bbox 769 1605 827 1667; x_wconf 88' lang='grc' dir='ltr'><strong><em>τὸν</em></strong></span> <span class='ocrx_word' id='word_1_105' title='bbox 846 1604 955 1667; x_wconf 88' lang='grc' dir='ltr'><strong><em>είκότα</em></strong></span> <span class='ocrx_word' id='word_1_106' title='bbox 973 1603 1134 1685; x_wconf 90' lang='grc' dir='ltr'><strong><em>λογισμὸν</em></strong></span> 
     </span>
     <span class='ocr_line' id='line_1_15' title="bbox 122 1705 1202 1794; baseline 0 -20"><span class='ocrx_word' id='word_1_107' title='bbox 122 1709 163 1774; x_wconf 85' lang='grc' dir='ltr'><strong><em>οὐ</em></strong></span> <span class='ocrx_word' id='word_1_108' title='bbox 182 1709 301 1792; x_wconf 90' lang='grc' dir='ltr'><strong><em>μικρὸν</em></strong></span> <span class='ocrx_word' id='word_1_109' title='bbox 320 1708 408 1794; x_wconf 76' lang='grc' dir='ltr'><strong><em>αὐτῷ</em></strong></span> <span class='ocrx_word' id='word_1_110' title='bbox 429 1705 503 1783; x_wconf 92' lang='grc' dir='ltr'><strong><em>δέος</em></strong></span> <span class='ocrx_word' id='word_1_111' title='bbox 520 1706 769 1793; x_wconf 78' lang='grc' dir='ltr'><strong><em>ὑποτρέφεσθαι</em></strong></span> <span class='ocrx_word' id='word_1_112' title='bbox 787 1711 927 1791; x_wconf 90' lang='grc' dir='ltr'><strong><em>νομίσας</em></strong></span> <span class='ocrx_word' id='word_1_113' title='bbox 946 1707 1202 1794; x_wconf 73' lang='grc' dir='ltr'><strong><em>έπεχείρησειεσι</em></strong></span> 
     </span>
    </p>

    <p class='ocr_par' dir='ltr' id='par_1_5' title="bbox 82 1797 1136 2321">
     <span class='ocr_line' id='line_1_16' title="bbox 82 1797 1135 1911; baseline 0 -33"><span class='ocrx_word' id='word_1_114' title='bbox 82 1797 183 1911; x_wconf 62' lang='grc' dir='ltr'><strong><em>Ξμδν</em></strong></span> <span class='ocrx_word' id='word_1_115' title='bbox 212 1813 248 1878; x_wconf 93' lang='grc' dir='ltr'><strong><em>έν</em></strong></span> <span class='ocrx_word' id='word_1_116' title='bbox 276 1811 381 1900; x_wconf 75' lang='grc' dir='ltr'><strong><em>ἡμέρη</em></strong></span> <span class='ocrx_word' id='word_1_117' title='bbox 408 1821 468 1899; x_wconf 77' lang='grc' dir='ltr'><strong><em>μιᾷ</em></strong></span> <span class='ocrx_word' id='word_1_118' title='bbox 494 1822 604 1877; x_wconf 86' lang='grc' dir='ltr'><strong><em>πᾶσαν</em></strong></span> <span class='ocrx_word' id='word_1_119' title='bbox 631 1811 802 1878; x_wconf 83' lang='grc' dir='ltr'><strong><em>ἀπολέσαι·</em></strong></span> <span class='ocrx_word' id='word_1_120' title='bbox 835 1815 946 1897; x_wconf 78' lang='grc' dir='ltr'><strong><em>δεήσει</em></strong></span> <span class='ocrx_word' id='word_1_121' title='bbox 970 1811 1007 1879; x_wconf 71' lang='grc' dir='ltr'><strong><em>δέ</em></strong></span> <span class='ocrx_word' id='word_1_122' title='bbox 1029 1801 1135 1900; x_wconf 70' lang='grc' dir='ltr'><strong><em>πολλῇ</em></strong></span> 
     </span>
     <span class='ocr_line' id='line_1_17' title="bbox 120 1910 1136 2007; baseline 0 -23"><span class='ocrx_word' id='word_1_123' title='bbox 120 1916 339 2007; x_wconf 83' lang='grc' dir='ltr'><strong><em>χρησαμένων</em></strong></span> <span class='ocrx_word' id='word_1_124' title='bbox 366 1917 536 2002; x_wconf 87' lang='grc' dir='ltr'><strong><em>ἀπάντων,</em></strong></span> <span class='ocrx_word' id='word_1_125' title='bbox 563 1915 640 2005; x_wconf 88' lang='grc' dir='ltr'><strong><em>παρ’</em></strong></span> <span class='ocrx_word' id='word_1_126' title='bbox 667 1910 718 1996; x_wconf 83' lang='grc' dir='ltr'><strong><em>οἷς</em></strong></span> <span class='ocrx_word' id='word_1_127' title='bbox 746 1921 863 2005; x_wconf 78' lang='grc' dir='ltr'><strong><em>ἔτυχον</em></strong></span> <span class='ocrx_word' id='word_1_128' title='bbox 887 1921 977 1984; x_wconf 82' lang='grc' dir='ltr'><strong><em>αἵτε</em></strong></span> <span class='ocrx_word' id='word_1_129' title='bbox 1001 1917 1136 2005; x_wconf 80' lang='grc' dir='ltr'><strong><em>μητέρες</em></strong></span> 
     </span>
     <span class='ocr_line' id='line_1_18' title="bbox 121 2020 1136 2112; baseline 0.001 -22"><span class='ocrx_word' id='word_1_130' title='bbox 121 2025 231 2090; x_wconf 82' lang='grc' dir='ltr'><strong><em>αὐτῶν</em></strong></span> <span class='ocrx_word' id='word_1_131' title='bbox 264 2020 361 2091; x_wconf 80' lang='grc' dir='ltr'><strong><em>οὖσαι</em></strong></span> <span class='ocrx_word' id='word_1_132' title='bbox 392 2024 448 2091; x_wconf 80' lang='grc' dir='ltr'><strong><em>καὶ</em></strong></span> <span class='ocrx_word' id='word_1_133' title='bbox 480 2026 514 2090; x_wconf 86' lang='grc' dir='ltr'><strong><em>οί</em></strong></span> <span class='ocrx_word' id='word_1_134' title='bbox 543 2026 658 2102; x_wconf 86' lang='grc' dir='ltr'><strong><em>παίδες</em></strong></span> <span class='ocrx_word' id='word_1_135' title='bbox 689 2029 903 2112; x_wconf 86' lang='grc' dir='ltr'><strong><em>τρεφόμενοι,</em></strong></span> <span class='ocrx_word' id='word_1_136' title='bbox 934 2029 1136 2112; x_wconf 81' lang='grc' dir='ltr'><strong><em>χαρίσασθαι</em></strong></span> 
     </span>
     <span class='ocr_line' id='line_1_19' title="bbox 121 2129 1134 2216; baseline 0.001 -20"><span class='ocrx_word' id='word_1_137' title='bbox 121 2133 324 2215; x_wconf 82' lang='grc' dir='ltr'><strong><em>βουλόμενος</em></strong></span> <span class='ocrx_word' id='word_1_138' title='bbox 356 2130 468 2207; x_wconf 74' lang='grc' dir='ltr'><strong><em>αὐτοῖς</em></strong></span> <span class='ocrx_word' id='word_1_139' title='bbox 498 2129 553 2196; x_wconf 83' lang='grc' dir='ltr'><strong><em>καὶ</em></strong></span> <span class='ocrx_word' id='word_1_140' title='bbox 582 2132 705 2214; x_wconf 85' lang='grc' dir='ltr'><strong><em>ταύτην</em></strong></span> <span class='ocrx_word' id='word_1_141' title='bbox 735 2133 795 2214; x_wconf 84' lang='grc' dir='ltr'><strong><em>τὴν</em></strong></span> <span class='ocrx_word' id='word_1_142' title='bbox 825 2132 954 2216; x_wconf 84' lang='grc' dir='ltr'><strong><em>δωρεάν</em></strong></span> <span class='ocrx_word' id='word_1_143' title='bbox 983 2132 1134 2198; x_wconf 85' lang='grc' dir='ltr'><strong><em>θανάτου</em></strong></span> 
     </span>
     <span class='ocr_line' id='line_1_20' title="bbox 121 2233 1135 2321; baseline 0.002 -21"><span class='ocrx_word' id='word_1_144' title='bbox 121 2233 182 2321; x_wconf 74' lang='grc' dir='ltr'><strong><em>μέν</em></strong></span> <span class='ocrx_word' id='word_1_145' title='bbox 214 2235 351 2302; x_wconf 85' lang='grc' dir='ltr'><strong><em>ἀπολύει</em></strong></span> <span class='ocrx_word' id='word_1_146' title='bbox 383 2238 471 2321; x_wconf 80' lang='grc' dir='ltr'><strong><em>παρὰ</em></strong></span> <span class='ocrx_word' id='word_1_147' title='bbox 503 2237 655 2320; x_wconf 81' lang='grc' dir='ltr'><strong><em>γνώμην,</em></strong></span> <span class='ocrx_word' id='word_1_148' title='bbox 685 2238 839 2321; x_wconf 83' lang='grc' dir='ltr'><strong><em>φυλακην</em></strong></span> <span class='ocrx_word' id='word_1_149' title='bbox 872 2233 910 2301; x_wconf 69' lang='grc' dir='ltr'><strong><em>δὲ</em></strong></span> <span class='ocrx_word' id='word_1_150' title='bbox 936 2238 1135 2320; x_wconf 87' lang='grc' dir='ltr'><strong><em>ποιούμενος</em></strong></span> 
     </span>
    </p>

    <p class='ocr_par' dir='ltr' id='par_1_6' title="bbox 81 2337 1166 2852">
     <span class='ocr_line' id='line_1_21' title="bbox 81 2337 1135 2427; baseline 0.003 -23"><span class='ocrx_word' id='word_1_151' title='bbox 81 2365 108 2405; x_wconf 82' lang='grc' dir='ltr'><strong><em>ιο</em></strong></span> <span class='ocrx_word' id='word_1_152' title='bbox 122 2341 243 2425; x_wconf 80' lang='grc' dir='ltr'><strong><em>αὐτῶν,</em></strong></span> <span class='ocrx_word' id='word_1_153' title='bbox 261 2344 306 2425; x_wconf 81' lang='grc' dir='ltr'><strong><em>μή</em></strong></span> <span class='ocrx_word' id='word_1_154' title='bbox 323 2366 356 2407; x_wconf 90' lang='grc' dir='ltr'><strong><em>τι</em></strong></span> <span class='ocrx_word' id='word_1_155' title='bbox 375 2343 554 2419; x_wconf 81' lang='grc' dir='ltr'><strong><em>συστάντες</em></strong></span> <span class='ocrx_word' id='word_1_156' title='bbox 571 2337 639 2427; x_wconf 87' lang='grc' dir='ltr'><strong><em>μετ’</em></strong></span> <span class='ocrx_word' id='word_1_157' title='bbox 656 2342 809 2426; x_wconf 81' lang='grc' dir='ltr'><strong><em>ἀλλήλων</em></strong></span> <span class='ocrx_word' id='word_1_158' title='bbox 827 2344 1035 2427; x_wconf 81' lang='grc' dir='ltr'><strong><em>βουλεύσωσι</em></strong></span> <span class='ocrx_word' id='word_1_159' title='bbox 1053 2344 1135 2408; x_wconf 84' lang='grc' dir='ltr'><strong><em>κατά</em></strong></span> 
     </span>
     <span class='ocr_line' id='line_1_22' title="bbox 120 2446 1166 2532; baseline 0.001 -19"><span class='ocrx_word' id='word_1_160' title='bbox 120 2457 178 2532; x_wconf 76' lang='grc' dir='ltr'><strong><em>τῆς</em></strong></span> <span class='ocrx_word' id='word_1_161' title='bbox 199 2450 413 2532; x_wconf 89' lang='grc' dir='ltr'><strong><em>τυραννίδος,</em></strong></span> <span class='ocrx_word' id='word_1_162' title='bbox 441 2447 573 2513; x_wconf 82' lang='grc' dir='ltr'><strong><em>ἀπιέναι</em></strong></span> <span class='ocrx_word' id='word_1_163' title='bbox 594 2448 720 2525; x_wconf 88' lang='grc' dir='ltr'><strong><em>πάντας</em></strong></span> <span class='ocrx_word' id='word_1_164' title='bbox 743 2446 914 2513; x_wconf 81' lang='grc' dir='ltr'><strong><em>ἐκέλευσεν</em></strong></span> <span class='ocrx_word' id='word_1_165' title='bbox 938 2447 974 2513; x_wconf 87' lang='grc' dir='ltr'><strong><em>έκ</em></strong></span> <span class='ocrx_word' id='word_1_166' title='bbox 996 2456 1054 2531; x_wconf 83' lang='grc' dir='ltr'><strong><em>της</em></strong></span> <span class='ocrx_word' id='word_1_167' title='bbox 1075 2451 1135 2514; x_wconf 82' lang='grc' dir='ltr'><strong><em>πό·</em></strong></span> <span class='ocrx_word' id='word_1_168' title='bbox 1164 2498 1166 2501; x_wconf 28' lang='grc' dir='ltr'>ψ</span> 
     </span>
     <span class='ocr_line' id='line_1_23' title="bbox 120 2551 1135 2640; baseline 0 -20"><span class='ocrx_word' id='word_1_169' title='bbox 120 2559 203 2632; x_wconf 88' lang='grc' dir='ltr'><strong><em>λεως</em></strong></span> <span class='ocrx_word' id='word_1_170' title='bbox 235 2556 337 2620; x_wconf 84' lang='grc' dir='ltr'><strong><em>ἀλλον</em></strong></span> <span class='ocrx_word' id='word_1_171' title='bbox 369 2555 452 2640; x_wconf 83' lang='grc' dir='ltr'><strong><em>άλλη</em></strong></span> <span class='ocrx_word' id='word_1_172' title='bbox 484 2552 538 2618; x_wconf 77' lang='grc' dir='ltr'><strong><em>καὶ</em></strong></span> <span class='ocrx_word' id='word_1_173' title='bbox 571 2555 700 2619; x_wconf 92' lang='grc' dir='ltr'><strong><em>δίαιταν</em></strong></span> <span class='ocrx_word' id='word_1_174' title='bbox 733 2551 832 2640; x_wconf 80' lang='grc' dir='ltr'><strong><em>ἔχειν</em></strong></span> <span class='ocrx_word' id='word_1_175' title='bbox 852 2553 889 2619; x_wconf 89' lang='grc' dir='ltr'><strong><em>έν</em></strong></span> <span class='ocrx_word' id='word_1_176' title='bbox 920 2564 988 2630; x_wconf 87' lang='grc' dir='ltr'><strong><em>τοίς</em></strong></span> <span class='ocrx_word' id='word_1_177' title='bbox 1006 2553 1135 2638; x_wconf 80' lang='grc' dir='ltr'><strong><em>,ἀγροίς</em></strong></span> 
     </span>
     <span class='ocr_line' id='line_1_24' title="bbox 119 2657 1134 2746; baseline -0.001 -20"><span class='ocrx_word' id='word_1_178' title='bbox 119 2664 266 2746; x_wconf 85' lang='grc' dir='ltr'><strong><em>μηθενὸς</em></strong></span> <span class='ocrx_word' id='word_1_179' title='bbox 284 2671 350 2727; x_wconf 82' lang='grc' dir='ltr'><strong><em>τῶν</em></strong></span> <span class='ocrx_word' id='word_1_180' title='bbox 369 2662 604 2745; x_wconf 89' lang='grc' dir='ltr'><strong><em>προσηκόντων</em></strong></span> <span class='ocrx_word' id='word_1_181' title='bbox 623 2659 812 2741; x_wconf 77' lang='grc' dir='ltr'><strong><em>ἐλευθέροις</em></strong></span> <span class='ocrx_word' id='word_1_182' title='bbox 825 2657 920 2725; x_wconf 77' lang='grc' dir='ltr'><strong><em>παισί</em></strong></span> <span class='ocrx_word' id='word_1_183' title='bbox 934 2657 1008 2743; x_wconf 80' lang='grc' dir='ltr'><strong><em>μήτ’</em></strong></span> <span class='ocrx_word' id='word_1_184' title='bbox 1026 2659 1134 2744; x_wconf 82' lang='grc' dir='ltr'><strong><em>ἐπιτη-</em></strong></span> 
     </span>
     <span class='ocr_line' id='line_1_25' title="bbox 120 2765 1134 2852; baseline -0.002 -20"><span class='ocrx_word' id='word_1_185' title='bbox 120 2769 281 2852; x_wconf 85' lang='grc' dir='ltr'><strong><em>δεύματος</em></strong></span> <span class='ocrx_word' id='word_1_186' title='bbox 302 2769 383 2850; x_wconf 79' lang='grc' dir='ltr'><strong><em>μήτε</em></strong></span> <span class='ocrx_word' id='word_1_187' title='bbox 406 2768 599 2850; x_wconf 78' lang='grc' dir='ltr'><strong><em>μαθήματος</em></strong></span> <span class='ocrx_word' id='word_1_188' title='bbox 617 2766 937 2850; x_wconf 78' lang='grc' dir='ltr'><strong><em>μεταλαμβάνοντας,</em></strong></span> <span class='ocrx_word' id='word_1_189' title='bbox 959 2765 1043 2830; x_wconf 86' lang='grc' dir='ltr'><strong><em>ἀλλά</em></strong></span> <span class='ocrx_word' id='word_1_190' title='bbox 1061 2786 1134 2832; x_wconf 93' lang='grc' dir='ltr'><strong><em>ποι-</em></strong></span> 
     </span>
    </p>

    <p class='ocr_par' dir='ltr' id='par_1_7' title="bbox 80 2866 1134 3064">
     <span class='ocr_line' id='line_1_26' title="bbox 80 2866 1134 2957; baseline 0.003 -24"><span class='ocrx_word' id='word_1_191' title='bbox 80 2892 105 2934; x_wconf 79' lang='grc' dir='ltr'><strong><em>ει</em></strong></span> <span class='ocrx_word' id='word_1_192' title='bbox 120 2873 298 2957; x_wconf 86' lang='grc' dir='ltr'><strong><em>μαίνοντάς</em></strong></span> <span class='ocrx_word' id='word_1_193' title='bbox 328 2895 363 2937; x_wconf 89' lang='grc' dir='ltr'><strong><em>τε</em></strong></span> <span class='ocrx_word' id='word_1_194' title='bbox 395 2869 451 2936; x_wconf 82' lang='grc' dir='ltr'><strong><em>καὶ</em></strong></span> <span class='ocrx_word' id='word_1_195' title='bbox 481 2866 583 2936; x_wconf 86' lang='grc' dir='ltr'><strong><em>τάλλα</em></strong></span> <span class='ocrx_word' id='word_1_196' title='bbox 614 2872 654 2936; x_wconf 86' lang='grc' dir='ltr'><strong><em>τά</em></strong></span> <span class='ocrx_word' id='word_1_197' title='bbox 683 2873 764 2937; x_wconf 85' lang='grc' dir='ltr'><strong><em>κατά</em></strong></span> <span class='ocrx_word' id='word_1_198' title='bbox 793 2874 871 2947; x_wconf 87' lang='grc' dir='ltr'><strong><em>τοὺς</em></strong></span> <span class='ocrx_word' id='word_1_199' title='bbox 900 2870 1024 2956; x_wconf 84' lang='grc' dir='ltr'><strong><em>ἀγροὺς</em></strong></span> <span class='ocrx_word' id='word_1_200' title='bbox 1054 2873 1134 2955; x_wconf 81' lang='grc' dir='ltr'><strong><em>ἔργα</em></strong></span> 
     </span>
     <span class='ocr_line' id='line_1_27' title="bbox 118 2975 1134 3064; baseline 0 -21"><span class='ocrx_word' id='word_1_201' title='bbox 118 2980 330 3064; x_wconf 86' lang='grc' dir='ltr'><strong><em>πράττοντας,</em></strong></span> <span class='ocrx_word' id='word_1_202' title='bbox 353 2978 503 3044; x_wconf 89' lang='grc' dir='ltr'><strong><em>θάνατον</em></strong></span> <span class='ocrx_word' id='word_1_203' title='bbox 526 2977 713 3062; x_wconf 72' lang='grc' dir='ltr'><strong><em>ἀπειλήσας,</em></strong></span> <span class='ocrx_word' id='word_1_204' title='bbox 736 2983 770 3042; x_wconf 88' lang='grc' dir='ltr'><strong><em>εί</em></strong></span> <span class='ocrx_word' id='word_1_205' title='bbox 787 3000 837 3054; x_wconf 87' lang='grc' dir='ltr'><strong><em>τις</em></strong></span> <span class='ocrx_word' id='word_1_206' title='bbox 860 2975 898 3055; x_wconf 80' lang='grc' dir='ltr'><strong><em>ἐξ</em></strong></span> <span class='ocrx_word' id='word_1_207' title='bbox 912 2977 1023 3042; x_wconf 83' lang='grc' dir='ltr'><strong><em>αὐτῶν</em></strong></span> <span class='ocrx_word' id='word_1_208' title='bbox 1042 2977 1134 3063; x_wconf 86' lang='grc' dir='ltr'><strong><em>εὑρε-</em></strong></span> 
     </span>
    </p>
   </div>
   <div class='ocr_carea' id='block_1_3' title="bbox 108 3199 1133 3485">
    <p class='ocr_par' dir='ltr' id='par_1_8' title="bbox 108 3199 1133 3485">
     <span class='ocr_line' id='line_1_28' title="bbox 151 3199 1133 3326; baseline 0.004 -72"><span class='ocrx_word' id='word_1_209' title='bbox 151 3268 157 3288; x_wconf 70' lang='lat'>‚</span> <span class='ocrx_word' id='word_1_210' title='bbox 192 3210 204 3254; x_wconf 96' lang='lat'>1</span> <span class='ocrx_word' id='word_1_211' title='bbox 230 3199 399 3258; x_wconf 87' lang='grc' dir='ltr'><strong><em>ἀπέκτειναν</em></strong></span> <span class='ocrx_word' id='word_1_212' title='bbox 423 3201 446 3256; x_wconf 89' lang='lat' dir='ltr'>O</span> <span class='ocrx_word' id='word_1_213' title='bbox 469 3204 582 3272; x_wconf 75' lang='lat' dir='ltr'>praeter</span> <span class='ocrx_word' id='word_1_214' title='bbox 605 3204 626 3257; x_wconf 91' lang='lat' dir='ltr'>B</span> <span class='ocrx_word' id='word_1_215' title='bbox 699 3210 714 3256; x_wconf 73' lang='grc' dir='ltr'><strong><em>λ</em></strong></span> <span class='ocrx_word' id='word_1_216' title='bbox 738 3202 788 3293; x_wconf 63' lang='grc' dir='ltr'><strong><em>κοιλ</em></strong></span> <span class='ocrx_word' id='word_1_217' title='bbox 811 3201 850 3266; x_wconf 86' lang='grc' dir='ltr'><strong><em>είς</em></strong></span> <span class='ocrx_word' id='word_1_218' title='bbox 863 3202 1007 3326; x_wconf 54' lang='grc' dir='ltr'><strong><em>Βεβήλους</em></strong></span> <span class='ocrx_word' id='word_1_219' title='bbox 1028 3203 1133 3295; x_wconf 84' lang='grc' dir='ltr'><strong><em>τόπορς</em></strong></span> 
     </span>
     <span class='ocr_line' id='line_1_29' title="bbox 118 3272 1133 3415; baseline 0.005 -21"><span class='ocrx_word' id='word_1_220' title='bbox 118 3272 864 3415; x_wconf 42' lang='lat' dir='ltr'><strong><em>fffflvssssetsse‘¹³1³{dfffifflwssffs&#39;sffffyw‘ff4</em></strong></span> <span class='ocrx_word' id='word_1_221' title='bbox 883 3280 977 3399; x_wconf 58' lang='grc' dir='ltr'><strong><em>ιιίῖ</em></strong></span> <span class='ocrx_word' id='word_1_222' title='bbox 989 3294 1133 3400; x_wconf 47' lang='grc' dir='ltr'><strong><em>Ἑλλάδ</em></strong></span> 
     </span>
     <span class='ocr_line' id='line_1_30' title="bbox 108 3363 1046 3485; baseline 0.009 -24"><span class='ocrx_word' id='word_1_223' title='bbox 108 3409 330 3479; x_wconf 68' lang='grc' dir='ltr'><strong><em>ἀποτρέψεσθαι</em></strong></span> <span class='ocrx_word' id='word_1_224' title='bbox 350 3429 371 3466; x_wconf 88' lang='grc' dir='ltr'><strong><em>ο.</em></strong></span> <span class='ocrx_word' id='word_1_225' title='bbox 393 3413 551 3484; x_wconf 78' lang='lat' dir='ltr'><strong>Stephanus</strong></span> <span class='ocrx_word' id='word_1_226' title='bbox 600 3387 637 3470; x_wconf 50' lang='lat'><strong><em>&#39;21</em></strong></span> <span class='ocrx_word' id='word_1_227' title='bbox 658 3363 774 3470; x_wconf 64' lang='grc' dir='ltr'><strong><em>όιπείνάι</em></strong></span> <span class='ocrx_word' id='word_1_228' title='bbox 793 3416 816 3471; x_wconf 93' lang='lat' dir='ltr'><em>O</em></span> <span class='ocrx_word' id='word_1_229' title='bbox 836 3432 904 3471; x_wconf 76' lang='lat' dir='ltr'>corr.</span> <span class='ocrx_word' id='word_1_230' title='bbox 925 3365 1046 3485; x_wconf 45' lang='lat' dir='ltr'>Ssslffurg</span> 
     </span>
    </p>
   </div>
   <div class='ocr_carea' id='block_1_4' title="bbox 0 0 1216 3848">
    <p class='ocr_par' dir='ltr' id='par_1_9' title="bbox 0 0 1216 3848">
     <span class='ocr_line' id='line_1_31' title="bbox 0 0 1216 3848; baseline 0 1"><span class='ocrx_word' id='word_1_231' title='bbox 0 0 1216 3848; x_wconf 95' lang='lat' dir='ltr'><strong><em> </em></strong></span> 
     </span>
    </p>
   </div>
  </div>
 </body>
</html>
