2378 3840
494 188 662 238 -H-
1021 185 1084 250 169

64 345 134 412 ὑπὸ
162 352 222 428 τής
247 349 386 430 βουλῆς,
417 345 438 429 ἢ
465 342 534 410 κατ’
567 343 669 431 άρχδις
698 342 880 431 ἐπαίρουσά
908 370 948 430 με
975 358 1085 424 κεναῖς

66 451 218 535 ἐλπίσιν,
248 451 347 535 ἡνίκα
375 462 445 529 τοῖς
472 450 653 537 δημάρχοις
679 455 862 535 τυραννίδα
888 457 1084 538 περιβαλλο-

67 557 184 644 μένοις
205 558 450 643 ἠναντιούμην,
477 558 524 635 ὡς
550 557 632 640 αὐτή
659 557 846 643 παρέξουσα
868 560 905 625 τὸ
929 557 1101 646 ἀσφαλές,

67 664 184 748 ἐπειδή
220 666 382 731 κίνδυνόν
418 662 485 731 τιν’
530 663 566 729 έκ
596 675 663 729 τῶν
701 666 888 749 δημοτικῶν
920 665 1084 750 ὑπείδετο,

67 769 192 855 ἀπέστη
215 767 272 836 καὶ
294 769 467 856 παρέδωκέ
482 794 522 855 με
544 781 614 848 τοῖς
632 768 776 857 ἐχθροῖς.
821 774 864 838 σὺ
881 769 996 857 μέντοι
1013 769 1079 839 τότ’
1098 757 1124 871 65

68 877 170 954 αὐτὸς
190 869 316 955 ύπατος
336 872 444 961 ήσθα,
471 872 498 942 ὦ
520 878 690 962 Μηνύκιε,
717 877 827 943 ὅτιτὸ
850 880 1085 964 προβούλευμα

67 987 108 1051 τὸ
136 981 214 1066 περὶ
245 993 305 1068 τῆς
334 985 427 1069 δίκης
458 981 605 1068 ἐγένετο,
638 982 692 1049 καὶ
724 984 823 1067 ἡνίκα
853 983 1035 1070 Οὐαλέριος
1066 986 1085 1052 δ

67 1092 294 1176 παραδιδόναι
320 1112 360 1175 με
387 1098 432 1177 τῷ
461 1091 555 1179 δήμῳ
582 1101 754 1175 παραινῶν
781 1092 913 1176 σφόδρα
941 1088 994 1157 ἐπὶ
1016 1102 1086 1169 τοῖς

10 1200 184 1281 ιετελόγοις
210 1196 395 1281 εὐδοκίμει,
429 1194 520 1279 κάγδι
548 1197 681 1282 δεδιώς,
713 1199 758 1282 μή
785 1199 901 1282 ψήφου
929 1198 1087 1280 δοθείσης

67 1304 137 1370 ὑπὸ
158 1314 227 1369 τῶν
250 1301 423 1389 συνέδρων
446 1301 526 1386 ἁλῶ,
549 1299 722 1386 συνέγνων
739 1301 796 1371 καὶ
813 1301 967 1388 παρέξειν
986 1301 1085 1388 ἐμαυ-
1099 1325 1127 1366 ιο

67 1411 130 1476 τὸν
152 1409 345 1496 ὑπεσχόμην
368 1407 486 1474 ἑκόντα
509 1407 564 1473 ἐπὶ
585 1410 646 1493 τήν
669 1410 776 1494 δίκην.

137 1515 257 1582 XXXI.
290 1513 359 1582 ’Ίθι
386 1516 428 1600 δή
451 1539 508 1600 μοι
515 1564 525 1598 ,
552 1517 723 1601 Μηνύκιε,
750 1515 925 1601 ἀπόκριναι
932 1565 942 1599 ,
964 1518 1086 1601 πότερα

67 1620 126 1689 καὶ
147 1631 187 1709 τῇ
210 1627 317 1708 βουλή
338 1630 397 1706 τής
418 1625 576 1706 τιμωρίας
598 1621 688 1701 άξιος
710 1619 838 1708 ἐφάνην
856 1619 954 1707 εἶναι,
977 1623 1028 1688 ότι
1045 1624 1085 1688 τά

67 1729 227 1813 κράτιστα
255 1727 493 1812 ἐπολιτευόμην
519 1751 555 1793 τε
582 1728 638 1794 καὶ
665 1731 843 1814 ἔπραττον,
870 1729 891 1814 ή
918 1739 963 1823 τῷ
991 1731 1085 1819 δήμῳ

68 1838 178 1924 μύυῳς
201 1837 234 1903 εί
254 1832 316 1920 μὲν
339 1837 403 1919 γάρ
421 1837 523 1900 άπασι
540 1835 643 1901 ταύτά
662 1835 770 1902 ἐδόκει
792 1839 865 1902 τότε
888 1834 944 1901 καὶ
966 1837 1086 1914 πάντες
1099 1856 1126 1898 ιο

68 1965 109 2026 με
140 1941 344 2026 ἀπηλάσατε,
375 1943 524 2028 φανερὸν
551 1942 603 2007 ὅτι
629 1942 749 2019 πάντες
776 1945 812 2008 οί
836 1951 940 2008 ταῦτα
966 1945 1087 2027 βουλη-

67 2047 188 2126 θέντες
215 2046 336 2133 άρετήν
364 2060 504 2133 μισεῖτε,
530 2046 586 2113 καὶ
612 2050 712 2125 τόπος
739 2049 850 2125 οὐδείς
873 2048 964 2114 ἐστιν
987 2048 1024 2114 ἐν
1046 2058 1085 2134 τῇ

68 2158 165 2221 πόλει
184 2155 361 2240 δεχόμενος
376 2156 639 2236 καλοκαγαθίαν·
659 2155 690 2219 εί
703 2151 740 2219 δὲ
753 2158 931 2239 βιασθεῖσα
944 2154 965 2238 ἡ
980 2156 1086 2240 βουλή

71 2262 282 2346 συνεχώρησε
303 2268 349 2349 τῷ
372 2261 466 2350 δήμῳ
489 2257 545 2324 καὶ
566 2262 604 2326 τὸ
628 2262 728 2346 ἔργον
746 2260 848 2346 αὐτῆς
866 2261 1010 2345 ἀνάγκης
1031 2256 1086 2346 ἦν,

71 2367 112 2434 ού
142 2368 293 2452 γνώμης,
323 2366 513 2451 ὁμολογεῖτε
544 2366 652 2450 δήπου
681 2374 1003 2452 πονηροκρατεῖσθαι
1030 2365 1086 2434 καὶ
1100 2388 1126 2428 ιο

70 2475 213 2559 μηδενὸς
244 2468 331 2539 εἶναι
358 2473 419 2556 τήν
446 2471 574 2556 βουλήν
602 2465 652 2536 ὧν
677 2471 720 2537 άυ
746 2471 926 2557 προέληται
957 2478 1086 2559 κυρίαν.

71 2576 170 2647 ἔπειτ’
197 2581 245 2656 είς
267 2579 423 2661 τοιαύτην
446 2574 579 2656 ἀξιοῦτέ
598 2600 638 2662 με
664 2583 840 2644 κατελθεῖν
861 2582 975 2663 πόλιν,
1003 2578 1040 2644 ἐν
1062 2573 1120 2666 ᾗ2

69 2689 107 2753 τὸ
134 2697 286 2771 κρεῖττον
308 2683 408 2769 μέρος
433 2684 500 2750 ὑπὸ
527 2693 587 2751 τοῦ
608 2685 760 2771 χείρονος
782 2685 929 2770 άρχεται;
958 2686 1085 2768 πολλήν

70 2794 135 2878 ἄρα
161 2788 390 2875 κατεγνώκατέ
413 2814 479 2875 μου
507 2793 639 2875 μανίαν.
688 2787 784 2875 φέρε,
814 2786 870 2854 καὶ
902 2790 944 2872 δή
975 2787 1086 2856 πέπει-

10 2917 150 2984 1ῖιισμαι
176 2895 233 2964 καὶ
260 2897 500 2982 διαλυσάμενος
526 2899 586 2963 τὸν
614 2900 777 2981 πόλεμον,
807 2896 916 2982 ὥσπερ
944 2895 1086 2981 ἀξιοῦτε,
1099 2914 1127 2956 ιο

70 3007 297 3090 κατελήλυθα,
324 3007 374 3080 τίς
398 3003 419 3087 ή
448 3004 528 3088 μετδι
550 2999 640 3069 ταῦτ’
668 3006 760 3069 ἔσται
787 3025 852 3088 μου
876 3003 1008 3069 διάνοια
1030 3000 1086 3069 καὶ

70 3114 145 3178 τίνα
173 3114 252 3196 βίον
283 3113 433 3195 ζήσομαις
465 3112 588 3196 πότερα
621 3105 786 3195 τάσφαλὲς
819 3106 875 3174 καὶ
903 3108 1085 3176 άκίνδννον

141 3310 158 3360 9
177 3303 371 3371 ἀποδοθείσης
384 3319 406 3357 ο.
420 3300 565 3370 Kieseling
618 3307 650 3356 11
670 3299 775 3371 ἥξοντα
790 3299 812 3354 Ο
828 3293 929 3355 ἑκόντα
944 3317 967 3356 ο.
982 3301 1085 3356 Reiske

72 3381 105 3431 16
124 3383 214 3430 ταῦτα
232 3373 255 3428 0
273 3373 363 3429 ταύτὰ
380 3389 404 3430 ο.
423 3372 594 3441 Grasberger
612 3371 689 3428 Tess.
708 3370 823 3441 Herbip.
843 3389 869 3440 p.
886 3378 919 3425 32
979 3379 1012 3428 19
1031 3371 1083 3427 ἀπ’

71 3445 197 3517 ἀνάγκης
215 3462 238 3501 υ.
257 3444 362 3500 ΒελεΙεε
434 3449 469 3499 24
488 3462 541 3514 μου
560 3459 614 3500 om.
633 3445 656 3498 B
673 3445 678 3517 Ι
694 3440 763 3512 φέρι
782 3442 818 3513 δὴ
836 3442 925 3498 καλΟ
