2424 3848
493 164 661 213 -Η-
1020 160 1083 227 157

71 320 123 389 καί
150 324 272 389 τούτου
299 327 516 398 τελευτῶντες
542 316 625 406 ἧκον
648 318 700 407 ἐφ’
727 321 812 406 ἡμᾶς
834 323 1028 407 αἰτιώμενοί
1047 341 1084 388 σε

71 432 245 516 τυραννίδι
268 427 455 515 ἐπιχειρεῖν.
499 429 623 513 ταύτην
642 428 743 505 αὐτὸς
763 426 941 513 ὑπέμεινας
964 427 1084 497 ἀπολο-

70 538 239 621 γῆσασδαι
261 537 323 620 τῆν
345 537 471 619 αἰτίαν,
499 533 611 619 ἐπειδη
639 535 795 621 ποίμπολυ
822 534 952 622 ἀπεῖχες
973 535 1084 620 αὐτῆς,

69 641 123 708 καί
146 639 308 729 παρέσχες
329 653 400 719 τοῖς
422 643 611 726 δημοτικοῖς
628 638 705 728 περὶ
728 652 869 709 σεαυτοῦ
891 643 953 726 τῆν
970 651 1084 727 ψῆφον

26 747 260 833 ἱσιάναλαβεῖν.
308 747 330 831 ἡ
357 749 462 832 βουλὴ
495 744 533 814 δέ
560 745 615 814 καί
644 750 716 814 τότε
743 757 853 834 παρῆν
879 746 934 814 καί
961 735 1124 850 πολλδςὲ

70 853 214 921 ἐποιεῖτο
238 854 366 938 δεήσεις
388 852 464 941 περὶ
488 864 559 922 σοῦ.
603 857 693 930 τίνος
716 848 778 920 οὖν
800 854 894 938 ἡμεῖς
917 855 952 920 οί
971 858 1085 939 πατρί-

69 985 136 1028 κιοι
164 971 232 1026 τῶν
260 962 518 1045 συμβεβηκότων
548 976 602 1027 σοι
628 969 738 1026 κακῶν
766 962 947 1046 γεγόναμεν
975 967 1085 1043 αἰτιοι,

70 1065 124 1132 καί
149 1067 264 1132 διὰτί
286 1071 440 1152 πολεμεῖς
465 1066 546 1151 ἡμῖν
568 1068 733 1150 τοσαύτην
756 1067 891 1132 εὔνοιαν
914 1065 1086 1144 ἀποδειξα-

61 1170 186 1257 -μένοις
211 1170 287 1259 περὶ
311 1168 347 1238 σὲ
369 1173 451 1239 κατὰ
474 1174 533 1238 τὸν
555 1174 628 1238 τότε
656 1171 783 1256 ἀγῶνας
811 1170 895 1238 ἀλλὰ
917 1172 983 1257 μῆν
1007 1168 1085 1237 οὐδὲ

71 1281 107 1345 τὸ
128 1280 308 1363 δημοτικὸν
327 1279 415 1344 ἅπαν
434 1277 655 1364 ἐξελασθῆναί
670 1297 707 1344 σε
724 1279 932 1363 βουλόμενον
948 1275 1085 1364 εὑρέθη·
1100 1300 1126 1340 ιο

73 1382 152 1451 δυσί
178 1393 263 1468 γοῦν
292 1387 417 1470 ψήφοις
449 1382 552 1462 έύλως
579 1389 711 1470 μόναις,
742 1382 819 1450 ὥστ’
851 1381 931 1450 οὐδὲ
957 1384 1087 1460 τούτοις

73 1490 114 1556 διν
137 1496 208 1575 εἰης
231 1492 294 1557 σὺν
317 1492 393 1578 δίκη
415 1489 582 1577 πολέμιος,
604 1492 640 1557 οἵ
660 1508 697 1557 σε
720 1491 764 1569 ὡς
788 1486 888 1557 οὐδὲν
907 1490 1086 1556 ἀδικοῦντα

74 1595 252 1663 ἀπέλυσαν.
300 1601 417 1681 τίθημι
445 1591 491 1681 δ’,
518 1599 550 1662 εἰ
575 1598 704 1682 βούλει,
736 1606 817 1662 πᾶσι
844 1592 905 1682 μὲν
931 1605 1002 1673 τοῖς
1029 1597 1122 1681 δη-4

74 1706 188 1788 μόταις
210 1702 329 1788 δόξαν,
357 1701 417 1789 ὅλη
446 1699 483 1769 δὲ
510 1711 550 1788 τῆ
579 1706 684 1788 βονλῆ
714 1700 821 1788 φανὲν
842 1704 944 1790 ταύτη
966 1706 1087 1788 χρῆσα-

74 1812 158 1875 σδαί
183 1824 220 1873 σε
242 1816 282 1894 τῆ
306 1817 479 1896 συμφορᾷ,
507 1806 563 1873 καί
591 1808 721 1875 δίκαιον
752 1803 841 1874 εἶναί
861 1826 924 1875 σον
945 1812 983 1876 τὸ
1005 1812 1088 1892 πρὸς
1102 1833 1127 1873 15

73 1917 220 1992 ἅπαντας
240 1914 327 1999 ἡμᾶς
352 1926 460 2000 μῖσος·
491 1911 562 1980 ἀλλ’
590 1914 627 1980 αί
647 1912 801 1998 γυναῖκές
824 1930 872 1998 σε,
895 1909 921 1979 ὦ
944 1915 1087 1999 Μάρκιε,

72 2025 106 2086 τί
136 2022 252 2087 δεινὸν
290 2021 506 2108 είργοίσαντο,
543 2017 621 2086 ἀνθ’
656 2021 735 2086 ότον
771 2025 924 2104 πολεμεῖς
960 2020 1087 2099 αὐταῖς;

72 2131 173 2194 ποίαν
193 2126 408 2212 ἐπενέγκασαι
425 2124 501 2210 περὶ
519 2135 627 2212 φυγῆς
644 2135 759 2212 ψῆφον
782 2126 803 2211 ἢ
825 2130 918 2204 τίνας
934 2129 1088 2194 εἰποῦσαι

72 2235 155 2300 κατὰ
179 2243 243 2300 σοῦ
264 2237 431 2319 πονηρούς
449 2235 583 2317 λόγονς;
607 2231 688 2299 τίδ’
711 2234 746 2300 οί
760 2234 876 2310 παῖδες
892 2233 987 2319 ἡμῶν
1008 2235 1123 2321 δρα-5

73 2356 191 2417 σαντες
212 2338 234 2424 ἢ
255 2338 491 2425 διανοηθέντες
509 2339 637 2406 ἀδικεῖν
655 2336 732 2426 περὶ
751 2350 813 2406 σοῦ
831 2342 1087 2408 κινδυνεύουσιν
1102 2364 1128 2404 νο

72 2442 158 2532 ὑπὲρ
186 2448 410 2532 αἰχμαλωσίας
435 2444 491 2512 καί
518 2458 586 2512 τῶν
613 2448 740 2531 ἀλλων,
767 2446 788 2511 δί
816 2453 939 2512 παθεῖν
967 2447 1089 2525 αὐτοὺς

72 2554 178 2637 εἰκός,
210 2550 269 2618 έδιν
299 2553 320 2637 ἡ
350 2556 446 2631 πόλις
478 2551 564 2641 ἁλῷς
596 2552 637 2619 ού
668 2553 708 2617 τδι
741 2554 852 2618 δίκαια
884 2555 1030 2640 διαιτᾷς,
1062 2548 1088 2617 ὦ

26 2656 220 2744 οῠοΜοίρκιε,
241 2656 297 2725 καὶ
314 2661 347 2724 εἰ
364 2668 484 2726 τοῦτον
503 2665 567 2726 οἰει
585 2661 657 2724 δεῖν
676 2661 735 2725 τὸν
752 2660 877 2744 τρόπον
895 2659 935 2724 τδι
952 2658 1089 2723 ύπαίτια

71 2762 130 2832 καί
152 2763 259 2850 έχδρδι
280 2777 402 2850 μισεῖν,
424 2765 508 2832 ὥστε
533 2761 617 2851 μηδὲ
639 2776 707 2830 τῶν
730 2762 889 2829 ἀναιτίων
911 2765 1090 2849 φείδεσθαι

71 2869 131 2938 καί
162 2874 300 2957 φιλίων,
339 2871 401 2938 οὐκ
432 2873 496 2953 ἀρα
527 2873 567 2937 τδι
597 2872 807 2958 προσήκοντα
839 2868 938 2955 ἀνδρὶ
970 2868 1087 2957 ἀγαθῷ
1102 2887 1129 2930 25

147 3067 164 3117 2
183 3064 331 3133 τυραννίδι
348 3057 393 3118 έπί
414 3062 437 3117 Ο
460 3083 483 3120 τ.
508 3057 691 3117 έπιτύδεσδαι
712 3062 782 3132 πρὸς
799 3060 913 3130 Reiske,
936 3082 959 3116 τ.
984 3055 1090 3130 ἐπιχει-

93 3139 139 3190 εἴν
161 3133 267 3203 ταύτην
295 3151 318 3190 ο.
343 3133 466 3189 Sintenis
489 3133 551 3192 Em.
569 3132 652 3189 Dion.
670 3133 739 3187 1117
831 3139 847 3187 6
871 3131 947 3203 περὶ]
970 3130 1042 3200 ὑπὲρ
1066 3149 1089 3188 c.

116 3205 166 3259 bet
184 3204 250 3260 Obs.
269 3209 364 3275 p.158
437 3211 470 3260 10
490 3200 678 3274 έξελασδῆναι
695 3204 742 3258 Ba
761 3199 932 3272 ἐξελαθῆναι
950 3205 976 3258 R
1056 3209 1088 3257 11

72 3274 103 3346 γ’
121 3272 172 3330 οὖν
185 3275 212 3329 Α
229 3285 298 3347 γοῦν
317 3275 365 3331 ΒΟ
383 3275 438 3348 γὰρ
451 3277 477 3330 Β
531 3283 565 3331 20
584 3276 695 3330 ἀδικεῖν
708 3274 761 3328 ΑΒ
780 3273 880 3329 ἀδικον
896 3276 928 3328 R.
949 3274 1090 3328 Schwartz

73 3346 260 3472 ψεωοεχοε
277 3347 344 3402 XIV
359 3352 411 3402 198
482 3353 516 3402 23
536 3346 585 3401 καί
604 3344 631 3401 εἰ
642 3345 746 3402 Reiske
765 3343 792 3400 εἰ
809 3345 840 3400 δὲ
854 3344 880 3398 Δ
898 3345 983 3400 καλΒ
1055 3350 1089 3400 25

72 3439 112 3475 τα
130 3434 185 3475 om.
