<?xml version="1.0" encoding="UTF-8"?>
<!DOCTYPE html PUBLIC "-//W3C//DTD XHTML 1.0 Transitional//EN"
    "http://www.w3.org/TR/xhtml1/DTD/xhtml1-transitional.dtd">
<html xmlns="http://www.w3.org/1999/xhtml" xml:lang="en" lang="en">
 <head>
  <title>
</title>
<meta http-equiv="Content-Type" content="text/html;charset=utf-8" />
  <meta name='ocr-system' content='tesseract 3.04.00' />
  <meta name='ocr-capabilities' content='ocr_page ocr_carea ocr_par ocr_line ocrx_word'/>
</head>
<body>
  <div class='ocr_page' id='page_1' title='image "./dionysihalicarn04diongoog_0193.png"; bbox 0 0 2424 3848; ppageno 0'>
   <div class='ocr_carea' id='block_1_1' title="bbox 109 159 697 229">
    <p class='ocr_par' dir='ltr' id='par_1_1' title="bbox 109 159 697 229">
     <span class='ocr_line' id='line_1_1' title="bbox 109 159 697 229; baseline 0.003 -7"><span class='ocrx_word' id='word_1_1' title='bbox 109 159 173 224; x_wconf 92' lang='grc'><strong><em>180</em></strong></span> <span class='ocrx_word' id='word_1_2' title='bbox 513 190 563 229; x_wconf 85' lang='grc'><strong><em>,-</em></strong></span> <span class='ocrx_word' id='word_1_3' title='bbox 599 161 626 212; x_wconf 86' lang='grc' dir='ltr'>Η</span> <span class='ocrx_word' id='word_1_4' title='bbox 663 189 697 198; x_wconf 90' lang='grc'>-</span> 
     </span>
    </p>
   </div>
   <div class='ocr_carea' id='block_1_2' title="bbox 70 318 1200 3070">
    <p class='ocr_par' dir='ltr' id='par_1_2' title="bbox 106 318 1125 728">
     <span class='ocr_line' id='line_1_2' title="bbox 107 318 1123 415; baseline -0.002 -27"><span class='ocrx_word' id='word_1_5' title='bbox 107 322 324 408; x_wconf 78' lang='grc' dir='ltr'><strong><em>ἐψηφίσαντο,</em></strong></span> <span class='ocrx_word' id='word_1_6' title='bbox 342 328 406 387; x_wconf 85' lang='grc' dir='ltr'><strong><em>είτε</em></strong></span> <span class='ocrx_word' id='word_1_7' title='bbox 425 323 462 387; x_wconf 91' lang='grc' dir='ltr'><strong><em>τὸ</em></strong></span> <span class='ocrx_word' id='word_1_8' title='bbox 481 320 744 415; x_wconf 86' lang='grc' dir='ltr'><strong><em>ἀπειροπόλεμον</em></strong></span> <span class='ocrx_word' id='word_1_9' title='bbox 758 331 825 386; x_wconf 81' lang='grc' dir='ltr'><strong><em>τῶν</em></strong></span> <span class='ocrx_word' id='word_1_10' title='bbox 839 318 1008 407; x_wconf 80' lang='grc' dir='ltr'><strong><em>σφετέρων</em></strong></span> <span class='ocrx_word' id='word_1_11' title='bbox 1024 336 1123 408; x_wconf 85' lang='grc' dir='ltr'><strong><em>στρα-</em></strong></span> 
     </span>
     <span class='ocr_line' id='line_1_3' title="bbox 106 421 1124 514; baseline -0.001 -20"><span class='ocrx_word' id='word_1_12' title='bbox 106 440 246 495; x_wconf 82' lang='grc' dir='ltr'><strong><em>τιωτῶν·</em></strong></span> <span class='ocrx_word' id='word_1_13' title='bbox 268 429 500 495; x_wconf 77' lang='grc' dir='ltr'><strong><em>νεοσύλλεκτοι</em></strong></span> <span class='ocrx_word' id='word_1_14' title='bbox 522 429 586 514; x_wconf 89' lang='grc' dir='ltr'><strong><em>γάρ</em></strong></span> <span class='ocrx_word' id='word_1_15' title='bbox 610 428 645 494; x_wconf 79' lang='lat' dir='ltr'><strong><em>oc</em></strong></span> <span class='ocrx_word' id='word_1_16' title='bbox 665 430 799 505; x_wconf 90' lang='grc' dir='ltr'><strong><em>πλείους</em></strong></span> <span class='ocrx_word' id='word_1_17' title='bbox 816 421 902 513; x_wconf 69' lang='grc' dir='ltr'><strong><em>ἦσαν</em></strong></span> <span class='ocrx_word' id='word_1_18' title='bbox 920 426 1044 493; x_wconf 83' lang='grc' dir='ltr'><strong><em>αὐτῶν·</em></strong></span> <span class='ocrx_word' id='word_1_19' title='bbox 1068 427 1124 493; x_wconf 85' lang='grc' dir='ltr'><strong><em>εὐ-</em></strong></span> 
     </span>
     <span class='ocr_line' id='line_1_4' title="bbox 108 533 1125 621; baseline -0.001 -20"><span class='ocrx_word' id='word_1_20' title='bbox 108 533 325 621; x_wconf 74' lang='grc' dir='ltr'><strong><em>λαβηθέντες,</em></strong></span> <span class='ocrx_word' id='word_1_21' title='bbox 358 540 424 600; x_wconf 86' lang='grc' dir='ltr'><strong><em>είτε</em></strong></span> <span class='ocrx_word' id='word_1_22' title='bbox 450 535 513 619; x_wconf 83' lang='grc' dir='ltr'><strong><em>την</em></strong></span> <span class='ocrx_word' id='word_1_23' title='bbox 540 534 700 619; x_wconf 80' lang='grc' dir='ltr'><strong><em>ἀτολμίαν</em></strong></span> <span class='ocrx_word' id='word_1_24' title='bbox 727 545 794 599; x_wconf 82' lang='grc' dir='ltr'><strong><em>τῶν</em></strong></span> <span class='ocrx_word' id='word_1_25' title='bbox 825 533 973 599; x_wconf 83' lang='grc' dir='ltr'><strong><em>ὑπάτων·</em></strong></span> <span class='ocrx_word' id='word_1_26' title='bbox 1005 534 1125 618; x_wconf 71' lang='grc' dir='ltr'><strong><em>ἥκιστα</em></strong></span> 
     </span>
     <span class='ocr_line' id='line_1_5' title="bbox 108 634 1125 728; baseline 0 -21"><span class='ocrx_word' id='word_1_27' title='bbox 108 643 171 728; x_wconf 89' lang='grc' dir='ltr'><strong><em>γάρ</em></strong></span> <span class='ocrx_word' id='word_1_28' title='bbox 191 641 228 707; x_wconf 87' lang='grc' dir='ltr'><strong><em>έν</em></strong></span> <span class='ocrx_word' id='word_1_29' title='bbox 246 641 358 718; x_wconf 82' lang='grc' dir='ltr'><strong><em>αὐτοίς</em></strong></span> <span class='ocrx_word' id='word_1_30' title='bbox 376 643 413 707; x_wconf 91' lang='grc' dir='ltr'><strong><em>τὸ</em></strong></span> <span class='ocrx_word' id='word_1_31' title='bbox 433 643 636 727; x_wconf 74' lang='grc' dir='ltr'><strong><em>δραστήριον</em></strong></span> <span class='ocrx_word' id='word_1_32' title='bbox 654 634 710 726; x_wconf 70' lang='grc' dir='ltr'><strong><em>ἦν·</em></strong></span> <span class='ocrx_word' id='word_1_33' title='bbox 730 641 901 728; x_wconf 81' lang='grc' dir='ltr'><strong><em>σφαλερὰν</em></strong></span> <span class='ocrx_word' id='word_1_34' title='bbox 918 639 1125 727; x_wconf 77' lang='grc' dir='ltr'><strong><em>ἡγησάμενοι</em></strong></span> 
     </span>
    </p>

    <p class='ocr_par' dir='ltr' id='par_1_3' title="bbox 82 744 1200 1262">
     <span class='ocr_line' id='line_1_6' title="bbox 82 744 1126 835; baseline 0 -21"><span class='ocrx_word' id='word_1_35' title='bbox 82 754 304 834; x_wconf 73' lang='grc' dir='ltr'><strong><em>ιτηλικοῦτον</em></strong></span> <span class='ocrx_word' id='word_1_36' title='bbox 327 747 540 835; x_wconf 72' lang='grc' dir='ltr'><strong><em>ἀναιρεῖσθαι</em></strong></span> <span class='ocrx_word' id='word_1_37' title='bbox 563 744 700 832; x_wconf 66' lang='grc' dir='ltr'><strong><em>ἀγῶνα,’</em></strong></span> <span class='ocrx_word' id='word_1_38' title='bbox 720 744 776 813; x_wconf 75' lang='grc' dir='ltr'><strong><em>εἴτ’</em></strong></span> <span class='ocrx_word' id='word_1_39' title='bbox 803 749 869 835; x_wconf 88' lang='grc' dir='ltr'><strong><em>άρα</em></strong></span> <span class='ocrx_word' id='word_1_40' title='bbox 890 744 1028 814; x_wconf 81' lang='grc' dir='ltr'><strong><em>καὶτοῦ</em></strong></span> <span class='ocrx_word' id='word_1_41' title='bbox 1052 750 1126 814; x_wconf 90' lang='grc' dir='ltr'><strong><em>δαι-</em></strong></span> 
     </span>
     <span class='ocr_line' id='line_1_7' title="bbox 108 850 1126 941; baseline -0.003 -20"><span class='ocrx_word' id='word_1_42' title='bbox 108 857 228 939; x_wconf 92' lang='grc' dir='ltr'><strong><em>μονίου</em></strong></span> <span class='ocrx_word' id='word_1_43' title='bbox 256 857 372 939; x_wconf 92' lang='grc' dir='ltr'><strong><em>σφίσιν</em></strong></span> <span class='ocrx_word' id='word_1_44' title='bbox 390 852 657 938; x_wconf 47' lang='grc' dir='ltr'><strong><em>,ἐναντιουμένου</em></strong></span> <span class='ocrx_word' id='word_1_45' title='bbox 684 856 767 941; x_wconf 87' lang='grc' dir='ltr'><strong><em>πρὸς</em></strong></span> <span class='ocrx_word' id='word_1_46' title='bbox 795 855 857 938; x_wconf 80' lang='grc' dir='ltr'><strong><em>την</em></strong></span> <span class='ocrx_word' id='word_1_47' title='bbox 885 852 1002 931; x_wconf 70' lang='grc' dir='ltr'><strong><em>ἔξοδον</em></strong></span> <span class='ocrx_word' id='word_1_48' title='bbox 1028 850 1126 940; x_wconf 87' lang='grc' dir='ltr'><strong><em>&lt;δι’&gt;</em></strong></span> 
     </span>
     <span class='ocr_line' id='line_1_8' title="bbox 109 960 1200 1046; baseline 0.004 -20"><span class='ocrx_word' id='word_1_49' title='bbox 109 963 240 1027; x_wconf 77' lang='grc' dir='ltr'><strong><em>οἰωνῶν</em></strong></span> <span class='ocrx_word' id='word_1_50' title='bbox 267 960 288 1044; x_wconf 73' lang='grc' dir='ltr'><em>ἢ</em></span> <span class='ocrx_word' id='word_1_51' title='bbox 317 971 474 1046; x_wconf 77' lang='grc' dir='ltr'><strong><em>χρησμῶν</em></strong></span> <span class='ocrx_word' id='word_1_52' title='bbox 501 963 711 1045; x_wconf 83' lang='grc' dir='ltr'><strong><em>Σιβυλλείων</em></strong></span> <span class='ocrx_word' id='word_1_53' title='bbox 737 962 759 1044; x_wconf 74' lang='grc' dir='ltr'><em>ἤ</em></span> <span class='ocrx_word' id='word_1_54' title='bbox 785 980 876 1038; x_wconf 91' lang='grc' dir='ltr'><strong><em>τινος</em></strong></span> <span class='ocrx_word' id='word_1_55' title='bbox 906 961 1032 1038; x_wconf 80' lang='grc' dir='ltr'><strong><em>ὀττείας</em></strong></span> <span class='ocrx_word' id='word_1_56' title='bbox 1061 979 1200 1030; x_wconf 68' lang='lat' dir='ltr'><strong><em>ata-1692</em></strong></span> 
     </span>
     <span class='ocr_line' id='line_1_9' title="bbox 108 1061 1129 1154; baseline 0 -21"><span class='ocrx_word' id='word_1_57' title='bbox 108 1072 220 1154; x_wconf 83' lang='grc' dir='ltr'><strong><em>τρίου,</em></strong></span> <span class='ocrx_word' id='word_1_58' title='bbox 247 1061 296 1132; x_wconf 82' lang='grc' dir='ltr'><strong><em>ὧν</em></strong></span> <span class='ocrx_word' id='word_1_59' title='bbox 323 1065 384 1132; x_wconf 86' lang='grc' dir='ltr'><strong><em>οὐκ</em></strong></span> <span class='ocrx_word' id='word_1_60' title='bbox 411 1065 527 1152; x_wconf 76' lang='grc' dir='ltr'><strong><em>ἠξίουν</em></strong></span> <span class='ocrx_word' id='word_1_61' title='bbox 555 1067 590 1133; x_wconf 86' lang='grc' dir='ltr'><strong><em>οί</em></strong></span> <span class='ocrx_word' id='word_1_62' title='bbox 614 1063 682 1133; x_wconf 89' lang='grc' dir='ltr'><strong><em>τότ’</em></strong></span> <span class='ocrx_word' id='word_1_63' title='bbox 714 1068 889 1154; x_wconf 77' lang='grc' dir='ltr'><strong><em>άνδρωποι</em></strong></span> <span class='ocrx_word' id='word_1_64' title='bbox 916 1067 1067 1153; x_wconf 77' lang='grc' dir='ltr'><strong><em>καθάπερ</em></strong></span> <span class='ocrx_word' id='word_1_65' title='bbox 1092 1067 1129 1133; x_wconf 84' lang='grc' dir='ltr'><strong><em>οί</em></strong></span> 
     </span>
     <span class='ocr_line' id='line_1_10' title="bbox 109 1170 1128 1262; baseline -0.001 -22"><span class='ocrx_word' id='word_1_66' title='bbox 109 1183 173 1240; x_wconf 85' lang='grc' dir='ltr'><strong><em>νῦν</em></strong></span> <span class='ocrx_word' id='word_1_67' title='bbox 200 1174 381 1260; x_wconf 74' lang='grc' dir='ltr'><strong><em>ὑπερορᾶν·</em></strong></span> <span class='ocrx_word' id='word_1_68' title='bbox 410 1175 590 1260; x_wconf 79' lang='grc' dir='ltr'><strong><em>φυλάττειν</em></strong></span> <span class='ocrx_word' id='word_1_69' title='bbox 618 1171 655 1240; x_wconf 73' lang='grc' dir='ltr'><strong><em>δὲ</em></strong></span> <span class='ocrx_word' id='word_1_70' title='bbox 682 1175 744 1258; x_wconf 79' lang='grc' dir='ltr'><strong><em>την</em></strong></span> <span class='ocrx_word' id='word_1_71' title='bbox 770 1177 871 1240; x_wconf 84' lang='grc' dir='ltr'><strong><em>πόλιν</em></strong></span> <span class='ocrx_word' id='word_1_72' title='bbox 894 1170 1128 1262; x_wconf 74' lang='grc' dir='ltr'><strong><em>ἐπιμελεστέρᾳ</em></strong></span> 
     </span>
    </p>

    <p class='ocr_par' dir='ltr' id='par_1_4' title="bbox 70 1278 1127 1470">
     <span class='ocr_line' id='line_1_11' title="bbox 70 1278 1127 1368; baseline 0 -21"><span class='ocrx_word' id='word_1_73' title='bbox 70 1299 96 1339; x_wconf 85' lang='lat'><strong><em>1⁰</em></strong></span> <span class='ocrx_word' id='word_1_74' title='bbox 110 1286 241 1366; x_wconf 78' lang='grc' dir='ltr'><strong><em>φυλακῇ</em></strong></span> <span class='ocrx_word' id='word_1_75' title='bbox 269 1278 325 1347; x_wconf 81' lang='grc' dir='ltr'><strong><em>καὶ</em></strong></span> <span class='ocrx_word' id='word_1_76' title='bbox 345 1280 418 1362; x_wconf 33' lang='grc' dir='ltr'><strong><em>,ἀπὸ</em></strong></span> <span class='ocrx_word' id='word_1_77' title='bbox 442 1293 509 1347; x_wconf 83' lang='grc' dir='ltr'><strong><em>τῶν</em></strong></span> <span class='ocrx_word' id='word_1_78' title='bbox 533 1280 705 1368; x_wconf 78' lang='grc' dir='ltr'><strong><em>ἐρυμάτων</em></strong></span> <span class='ocrx_word' id='word_1_79' title='bbox 727 1284 806 1357; x_wconf 85' lang='grc' dir='ltr'><strong><em>τοὺς</em></strong></span> <span class='ocrx_word' id='word_1_80' title='bbox 828 1279 982 1359; x_wconf 76' lang='grc' dir='ltr'><strong><em>ἐπιόντας</em></strong></span> <span class='ocrx_word' id='word_1_81' title='bbox 1003 1280 1127 1365; x_wconf 86' lang='grc' dir='ltr'><strong><em>ἀμύνε-</em></strong></span> 
     </span>
     <span class='ocr_line' id='line_1_12' title="bbox 110 1384 796 1470; baseline 0.001 -18"><span class='ocrx_word' id='word_1_82' title='bbox 110 1394 191 1452; x_wconf 79' lang='grc' dir='ltr'><strong><em>σθαι</em></strong></span> <span class='ocrx_word' id='word_1_83' title='bbox 214 1384 411 1470; x_wconf 77' lang='grc' dir='ltr'><strong><em>διέγνωσαν.</em></strong></span> <span class='ocrx_word' id='word_1_84' title='bbox 438 1420 440 1423; x_wconf 89' lang='grc'><strong><em>·</em></strong></span> <span class='ocrx_word' id='word_1_85' title='bbox 530 1412 537 1436; x_wconf 89' lang='lat'><strong><em>··</em></strong></span> <span class='ocrx_word' id='word_1_86' title='bbox 793 1434 796 1439; x_wconf 81' lang='lat'><em>-</em></span> 
     </span>
    </p>

    <p class='ocr_par' dir='ltr' id='par_1_5' title="bbox 109 1491 1127 1793">
     <span class='ocr_line' id='line_1_13' title="bbox 174 1491 1127 1581; baseline 0 -23"><span class='ocrx_word' id='word_1_87' title='bbox 174 1492 360 1558; x_wconf 87' lang='lat' dir='ltr'>XXXVIII.</span> <span class='ocrx_word' id='word_1_88' title='bbox 407 1498 518 1560; x_wconf 87' lang='grc' dir='ltr'><strong><em>Ταῦτα</em></strong></span> <span class='ocrx_word' id='word_1_89' title='bbox 546 1491 583 1559; x_wconf 71' lang='grc' dir='ltr'><strong><em>δὲ</em></strong></span> <span class='ocrx_word' id='word_1_90' title='bbox 610 1494 807 1581; x_wconf 87' lang='grc' dir='ltr'><strong><em>πράττοντες</em></strong></span> <span class='ocrx_word' id='word_1_91' title='bbox 833 1492 889 1559; x_wconf 80' lang='grc' dir='ltr'><strong><em>καὶ</em></strong></span> <span class='ocrx_word' id='word_1_92' title='bbox 917 1509 1127 1579; x_wconf 89' lang='grc' dir='ltr'><strong><em>παρασκευα-</em></strong></span> 
     </span>
     <span class='ocr_line' id='line_1_14' title="bbox 111 1595 1126 1686; baseline -0.001 -19"><span class='ocrx_word' id='word_1_93' title='bbox 111 1605 241 1685; x_wconf 81' lang='grc' dir='ltr'><strong><em>ζόμενοι</em></strong></span> <span class='ocrx_word' id='word_1_94' title='bbox 264 1595 322 1683; x_wconf 78' lang='grc' dir='ltr'><strong><em>τῆς</em></strong></span> <span class='ocrx_word' id='word_1_95' title='bbox 342 1596 371 1665; x_wconf 90' lang='grc' dir='ltr'><strong><em>τ’</em></strong></span> <span class='ocrx_word' id='word_1_96' title='bbox 400 1599 533 1677; x_wconf 76' lang='grc' dir='ltr'><strong><em>ἐλπίδος</em></strong></span> <span class='ocrx_word' id='word_1_97' title='bbox 556 1600 648 1666; x_wconf 81' lang='grc' dir='ltr'><strong><em>οάπω</em></strong></span> <span class='ocrx_word' id='word_1_98' title='bbox 673 1599 893 1686; x_wconf 80' lang='grc' dir='ltr'><strong><em>ἀφιστάμενοι</em></strong></span> <span class='ocrx_word' id='word_1_99' title='bbox 911 1600 956 1677; x_wconf 81' lang='grc' dir='ltr'><strong><em>ὡς</em></strong></span> <span class='ocrx_word' id='word_1_100' title='bbox 978 1599 1126 1666; x_wconf 88' lang='grc' dir='ltr'><strong><em>δυνατὸν</em></strong></span> 
     </span>
     <span class='ocr_line' id='line_1_15' title="bbox 109 1706 1126 1793; baseline 0 -21"><span class='ocrx_word' id='word_1_101' title='bbox 109 1706 260 1792; x_wconf 84' lang='grc' dir='ltr'><strong><em>ὑπάρχον</em></strong></span> <span class='ocrx_word' id='word_1_102' title='bbox 291 1707 339 1771; x_wconf 87' lang='grc' dir='ltr'><strong><em>έτι</em></strong></span> <span class='ocrx_word' id='word_1_103' title='bbox 367 1713 626 1790; x_wconf 77' lang='grc' dir='ltr'><strong><em>μεταπεισθῆναι</em></strong></span> <span class='ocrx_word' id='word_1_104' title='bbox 653 1708 712 1772; x_wconf 91' lang='grc' dir='ltr'><strong><em>τὸν</em></strong></span> <span class='ocrx_word' id='word_1_105' title='bbox 738 1707 913 1793; x_wconf 83' lang='grc' dir='ltr'><strong><em>Μάρκιον,</em></strong></span> <span class='ocrx_word' id='word_1_106' title='bbox 942 1708 974 1771; x_wconf 91' lang='grc' dir='ltr'><strong><em>εί</em></strong></span> <span class='ocrx_word' id='word_1_107' title='bbox 999 1709 1126 1790; x_wconf 80' lang='grc' dir='ltr'><strong><em>μείζονι</em></strong></span> 
     </span>
    </p>

    <p class='ocr_par' dir='ltr' id='par_1_6' title="bbox 72 1809 1127 2327">
     <span class='ocr_line' id='line_1_16' title="bbox 72 1809 1127 1902; baseline 0.002 -26"><span class='ocrx_word' id='word_1_108' title='bbox 72 1827 97 1868; x_wconf 76' lang='lat'><strong><em>15</em></strong></span> <span class='ocrx_word' id='word_1_109' title='bbox 110 1809 166 1877; x_wconf 80' lang='grc' dir='ltr'><strong><em>καί</em></strong></span> <span class='ocrx_word' id='word_1_110' title='bbox 193 1809 369 1899; x_wconf 80' lang='grc' dir='ltr'><strong><em>τιμιωτέρᾳ</em></strong></span> <span class='ocrx_word' id='word_1_111' title='bbox 400 1816 560 1902; x_wconf 76' lang='grc' dir='ltr'><strong><em>πρεσβεία</em></strong></span> <span class='ocrx_word' id='word_1_112' title='bbox 589 1815 743 1897; x_wconf 81' lang='grc' dir='ltr'><strong><em>δεηθεῖεν</em></strong></span> <span class='ocrx_word' id='word_1_113' title='bbox 775 1812 894 1898; x_wconf 80' lang='grc' dir='ltr'><strong><em>αὐτοῦ,</em></strong></span> <span class='ocrx_word' id='word_1_114' title='bbox 926 1814 1127 1897; x_wconf 78' lang='grc' dir='ltr'><strong><em>ψηφίζονται</em></strong></span> 
     </span>
     <span class='ocr_line' id='line_1_17' title="bbox 110 1915 1127 2006; baseline 0 -23"><span class='ocrx_word' id='word_1_115' title='bbox 110 1919 188 1995; x_wconf 85' lang='grc' dir='ltr'><strong><em>τούς</em></strong></span> <span class='ocrx_word' id='word_1_116' title='bbox 213 1916 249 1984; x_wconf 81' lang='grc' dir='ltr'><strong><em>δ’</em></strong></span> <span class='ocrx_word' id='word_1_117' title='bbox 278 1919 475 2006; x_wconf 88' lang='grc' dir='ltr'><strong><em>ίεροφάντας</em></strong></span> <span class='ocrx_word' id='word_1_118' title='bbox 503 1917 558 1985; x_wconf 80' lang='grc' dir='ltr'><strong><em>καὶ</em></strong></span> <span class='ocrx_word' id='word_1_119' title='bbox 585 1922 663 1996; x_wconf 84' lang='grc' dir='ltr'><strong><em>τοὺς</em></strong></span> <span class='ocrx_word' id='word_1_120' title='bbox 690 1921 938 1996; x_wconf 78' lang='grc' dir='ltr'><strong><em>οἰωνοσκόπους</em></strong></span> <span class='ocrx_word' id='word_1_121' title='bbox 964 1915 1020 1983; x_wconf 82' lang='grc' dir='ltr'><strong><em>καὶ</em></strong></span> <span class='ocrx_word' id='word_1_122' title='bbox 1047 1921 1127 1996; x_wconf 87' lang='grc' dir='ltr'><strong><em>τοὺς</em></strong></span> 
     </span>
     <span class='ocr_line' id='line_1_18' title="bbox 110 2025 1125 2112; baseline 0 -21"><span class='ocrx_word' id='word_1_123' title='bbox 110 2028 232 2103; x_wconf 84' lang='grc' dir='ltr'><strong><em>ἀλλους</em></strong></span> <span class='ocrx_word' id='word_1_124' title='bbox 255 2026 416 2110; x_wconf 83' lang='grc' dir='ltr'><strong><em>άπαντας,’</em></strong></span> <span class='ocrx_word' id='word_1_125' title='bbox 439 2026 511 2091; x_wconf 83' lang='grc' dir='ltr'><strong><em>ὅσοι</em></strong></span> <span class='ocrx_word' id='word_1_126' title='bbox 534 2027 633 2112; x_wconf 81' lang='grc' dir='ltr'><strong><em>τιμην</em></strong></span> <span class='ocrx_word' id='word_1_127' title='bbox 656 2049 731 2092; x_wconf 91' lang='grc' dir='ltr'><strong><em>τινα</em></strong></span> <span class='ocrx_word' id='word_1_128' title='bbox 754 2026 848 2112; x_wconf 82' lang='grc' dir='ltr'><strong><em>ίεράν</em></strong></span> <span class='ocrx_word' id='word_1_129' title='bbox 870 2025 891 2110; x_wconf 74' lang='grc' dir='ltr'><strong><em>ἣ</em></strong></span> <span class='ocrx_word' id='word_1_130' title='bbox 914 2029 1125 2111; x_wconf 88' lang='grc' dir='ltr'><strong><em>λειτουργίαν</em></strong></span> 
     </span>
     <span class='ocr_line' id='line_1_19' title="bbox 110 2127 1120 2219; baseline -0.002 -21"><span class='ocrx_word' id='word_1_131' title='bbox 110 2130 186 2218; x_wconf 80' lang='grc' dir='ltr'><strong><em>περὶ</em></strong></span> <span class='ocrx_word' id='word_1_132' title='bbox 213 2133 253 2197; x_wconf 89' lang='grc' dir='ltr'><strong><em>τά</em></strong></span> <span class='ocrx_word' id='word_1_133' title='bbox 280 2138 358 2197; x_wconf 74' lang='grc' dir='ltr'><strong><em>θεία</em></strong></span> <span class='ocrx_word' id='word_1_134' title='bbox 385 2130 549 2217; x_wconf 75' lang='grc' dir='ltr'><strong><em>δημοτελῆ</em></strong></span> <span class='ocrx_word' id='word_1_135' title='bbox 577 2136 735 2217; x_wconf 83' lang='grc' dir='ltr'><strong><em>λαβόντες</em></strong></span> <span class='ocrx_word' id='word_1_136' title='bbox 762 2127 866 2218; x_wconf 79' lang='grc' dir='ltr'><strong><em>εἶχον·</em></strong></span> <span class='ocrx_word' id='word_1_137' title='bbox 894 2129 959 2197; x_wconf 79' lang='grc' dir='ltr'><strong><em>είσί</em></strong></span> <span class='ocrx_word' id='word_1_138' title='bbox 982 2127 1020 2196; x_wconf 72' lang='grc' dir='ltr'><strong><em>δὲ</em></strong></span> <span class='ocrx_word' id='word_1_139' title='bbox 1042 2129 1120 2219; x_wconf 87' lang='grc' dir='ltr'><strong><em>παρ’</em></strong></span> 
     </span>
     <span class='ocr_line' id='line_1_20' title="bbox 112 2235 1126 2327; baseline 0 -23"><span class='ocrx_word' id='word_1_140' title='bbox 112 2240 225 2317; x_wconf 82' lang='grc' dir='ltr'><strong><em>αὐτοῖς</em></strong></span> <span class='ocrx_word' id='word_1_141' title='bbox 252 2239 350 2325; x_wconf 81' lang='grc' dir='ltr'><strong><em>ίερεϊς</em></strong></span> <span class='ocrx_word' id='word_1_142' title='bbox 376 2236 432 2304; x_wconf 80' lang='grc' dir='ltr'><strong><em>καὶ</em></strong></span> <span class='ocrx_word' id='word_1_143' title='bbox 458 2237 660 2327; x_wconf 71' lang='grc' dir='ltr'><strong><em>θεραπευταὶ</em></strong></span> <span class='ocrx_word' id='word_1_144' title='bbox 687 2246 795 2320; x_wconf 63' lang='grc' dir='ltr'><strong><em>θεῶν]</em></strong></span> <span class='ocrx_word' id='word_1_145' title='bbox 808 2239 896 2306; x_wconf 91' lang='grc' dir='ltr'><strong><em>πάνυ</em></strong></span> <span class='ocrx_word' id='word_1_146' title='bbox 923 2235 1042 2305; x_wconf 80' lang='grc' dir='ltr'><strong><em>πολλοὶ</em></strong></span> <span class='ocrx_word' id='word_1_147' title='bbox 1068 2237 1126 2304; x_wconf 84' lang='grc' dir='ltr'><strong><em>καὶ</em></strong></span> 
     </span>
    </p>

    <p class='ocr_par' dir='ltr' id='par_1_7' title="bbox 71 2339 1196 2859">
     <span class='ocr_line' id='line_1_21' title="bbox 71 2339 1126 2429; baseline 0 -18"><span class='ocrx_word' id='word_1_148' title='bbox 71 2359 98 2400; x_wconf 83' lang='lat'><strong><em>2⁰</em></strong></span> <span class='ocrx_word' id='word_1_149' title='bbox 112 2342 206 2411; x_wconf 82' lang='grc' dir='ltr'><strong><em>αὐτοὶ</em></strong></span> <span class='ocrx_word' id='word_1_150' title='bbox 230 2339 322 2411; x_wconf 88' lang='grc' dir='ltr'><strong><em>οὗτοι</em></strong></span> <span class='ocrx_word' id='word_1_151' title='bbox 346 2343 601 2429; x_wconf 85' lang='grc' dir='ltr'><strong><em>διαφανέστατοι</em></strong></span> <span class='ocrx_word' id='word_1_152' title='bbox 626 2344 694 2411; x_wconf 80' lang='grc' dir='ltr'><strong><em>τῶν</em></strong></span> <span class='ocrx_word' id='word_1_153' title='bbox 716 2346 828 2410; x_wconf 91' lang='grc' dir='ltr'><strong><em>άλλων</em></strong></span> <span class='ocrx_word' id='word_1_154' title='bbox 843 2342 932 2410; x_wconf 92' lang='grc' dir='ltr'><strong><em>Ικατά</em></strong></span> <span class='ocrx_word' id='word_1_155' title='bbox 954 2340 984 2409; x_wconf 88' lang='grc' dir='ltr'><strong><em>τ’</em></strong></span> <span class='ocrx_word' id='word_1_156' title='bbox 1013 2351 1126 2422; x_wconf 85' lang='grc' dir='ltr'><strong><em>οίκονς</em></strong></span> 
     </span>
     <span class='ocr_line' id='line_1_22' title="bbox 110 2448 1196 2538; baseline -0.001 -21"><span class='ocrx_word' id='word_1_157' title='bbox 110 2450 261 2538; x_wconf 89' lang='grc' dir='ltr'><strong><em>πατέρων</em></strong></span> <span class='ocrx_word' id='word_1_158' title='bbox 283 2448 338 2516; x_wconf 82' lang='grc' dir='ltr'><strong><em>καὶ</em></strong></span> <span class='ocrx_word' id='word_1_159' title='bbox 362 2451 478 2536; x_wconf 81' lang='grc' dir='ltr'><strong><em>ἀρετῆς</em></strong></span> <span class='ocrx_word' id='word_1_160' title='bbox 500 2454 623 2529; x_wconf 89' lang='grc' dir='ltr'><strong><em>οίκείας</em></strong></span> <span class='ocrx_word' id='word_1_161' title='bbox 644 2450 794 2530; x_wconf 85' lang='grc' dir='ltr'><strong><em>ἀξίωσιν·</em></strong></span> <span class='ocrx_word' id='word_1_162' title='bbox 826 2452 961 2538; x_wconf 79' lang='grc' dir='ltr'><strong><em>ἔχοντας</em></strong></span> <span class='ocrx_word' id='word_1_163' title='bbox 983 2448 1037 2536; x_wconf 82' lang='grc' dir='ltr'><strong><em>ἀμ’</em></strong></span> <span class='ocrx_word' id='word_1_164' title='bbox 1066 2451 1196 2519; x_wconf 78' lang='grc' dir='ltr'><strong><em>τιό-1593</em></strong></span> 
     </span>
     <span class='ocr_line' id='line_1_23' title="bbox 110 2556 1127 2644; baseline -0.002 -19"><span class='ocrx_word' id='word_1_165' title='bbox 110 2570 179 2636; x_wconf 80' lang='grc' dir='ltr'><strong><em>τοῖς</em></strong></span> <span class='ocrx_word' id='word_1_166' title='bbox 201 2569 269 2624; x_wconf 83' lang='grc' dir='ltr'><strong><em>τῶν</em></strong></span> <span class='ocrx_word' id='word_1_167' title='bbox 288 2557 534 2644; x_wconf 80' lang='grc' dir='ltr'><strong><em>ὀργιαζομένων</em></strong></span> <span class='ocrx_word' id='word_1_168' title='bbox 552 2582 586 2624; x_wconf 92' lang='grc' dir='ltr'><strong><em>τε</em></strong></span> <span class='ocrx_word' id='word_1_169' title='bbox 604 2556 659 2624; x_wconf 82' lang='grc' dir='ltr'><strong><em>καὶ</em></strong></span> <span class='ocrx_word' id='word_1_170' title='bbox 677 2556 956 2644; x_wconf 78' lang='grc' dir='ltr'><strong><em>θεραπευομένων</em></strong></span> <span class='ocrx_word' id='word_1_171' title='bbox 973 2563 1067 2623; x_wconf 74' lang='grc' dir='ltr'><strong><em>θεῶν</em></strong></span> <span class='ocrx_word' id='word_1_172' title='bbox 1085 2559 1127 2623; x_wconf 83' lang='grc' dir='ltr'><strong><em>τά</em></strong></span> 
     </span>
     <span class='ocr_line' id='line_1_24' title="bbox 111 2662 1127 2752; baseline -0.002 -21"><span class='ocrx_word' id='word_1_173' title='bbox 111 2667 262 2750; x_wconf 85' lang='grc' dir='ltr'><strong><em>σύμβολα</em></strong></span> <span class='ocrx_word' id='word_1_174' title='bbox 280 2662 334 2731; x_wconf 82' lang='grc' dir='ltr'><strong><em>καὶ</em></strong></span> <span class='ocrx_word' id='word_1_175' title='bbox 352 2666 410 2742; x_wconf 87' lang='grc' dir='ltr'><strong><em>τάς</em></strong></span> <span class='ocrx_word' id='word_1_176' title='bbox 433 2665 523 2751; x_wconf 83' lang='grc' dir='ltr'><strong><em>ίεράς</em></strong></span> <span class='ocrx_word' id='word_1_177' title='bbox 545 2664 791 2752; x_wconf 78' lang='grc' dir='ltr'><strong><em>ἀμπεχομένους</em></strong></span> <span class='ocrx_word' id='word_1_178' title='bbox 814 2665 957 2748; x_wconf 71' lang='grc' dir='ltr'><strong><em>ἐσθῆτας</em></strong></span> <span class='ocrx_word' id='word_1_179' title='bbox 978 2664 1127 2750; x_wconf 77' lang='grc' dir='ltr'><strong><em>ἀθρόους</em></strong></span> 
     </span>
     <span class='ocr_line' id='line_1_25' title="bbox 111 2769 1129 2859; baseline 0 -22"><span class='ocrx_word' id='word_1_180' title='bbox 111 2770 164 2837; x_wconf 79' lang='grc' dir='ltr'><strong><em>ἐπὶ</em></strong></span> <span class='ocrx_word' id='word_1_181' title='bbox 187 2775 247 2839; x_wconf 89' lang='grc' dir='ltr'><strong><em>τὸν</em></strong></span> <span class='ocrx_word' id='word_1_182' title='bbox 268 2773 395 2859; x_wconf 79' lang='grc' dir='ltr'><strong><em>χάρακα</em></strong></span> <span class='ocrx_word' id='word_1_183' title='bbox 413 2782 480 2849; x_wconf 82' lang='grc' dir='ltr'><strong><em>τῶν</em></strong></span> <span class='ocrx_word' id='word_1_184' title='bbox 498 2775 667 2857; x_wconf 89' lang='grc' dir='ltr'><strong><em>πολεμίων</em></strong></span> <span class='ocrx_word' id='word_1_185' title='bbox 682 2771 889 2858; x_wconf 76' lang='grc' dir='ltr'><strong><em>’πορεύεσθαι</em></strong></span> <span class='ocrx_word' id='word_1_186' title='bbox 907 2773 986 2847; x_wconf 86' lang='grc' dir='ltr'><strong><em>τοὺς</em></strong></span> <span class='ocrx_word' id='word_1_187' title='bbox 1005 2769 1129 2848; x_wconf 84' lang='grc' dir='ltr'><strong><em>αὐτοὺς</em></strong></span> 
     </span>
    </p>

    <p class='ocr_par' dir='ltr' id='par_1_8' title="bbox 70 2853 1131 3070">
     <span class='ocr_line' id='line_1_26' title="bbox 70 2853 1131 2967; baseline 0.001 -24"><span class='ocrx_word' id='word_1_188' title='bbox 70 2853 274 2967; x_wconf 60' lang='grc' dir='ltr'><strong><em>Ξφέροντας</em></strong></span> <span class='ocrx_word' id='word_1_189' title='bbox 300 2889 370 2956; x_wconf 86' lang='grc' dir='ltr'><strong><em>τοίς</em></strong></span> <span class='ocrx_word' id='word_1_190' title='bbox 396 2877 569 2967; x_wconf 88' lang='grc' dir='ltr'><strong><em>προτέροις</em></strong></span> <span class='ocrx_word' id='word_1_191' title='bbox 596 2876 724 2963; x_wconf 90' lang='grc' dir='ltr'><strong><em>λόγους.</em></strong></span> <span class='ocrx_word' id='word_1_192' title='bbox 770 2878 815 2955; x_wconf 81' lang='grc' dir='ltr'><strong><em>ὡς</em></strong></span> <span class='ocrx_word' id='word_1_193' title='bbox 842 2875 872 2943; x_wconf 89' lang='grc' dir='ltr'><strong><em>δ’</em></strong></span> <span class='ocrx_word' id='word_1_194' title='bbox 903 2877 1064 2962; x_wconf 89' lang='grc' dir='ltr'><strong><em>ἀφίκοντο</em></strong></span> <span class='ocrx_word' id='word_1_195' title='bbox 1095 2878 1131 2944; x_wconf 83' lang='grc' dir='ltr'><strong><em>οί</em></strong></span> 
     </span>
     <span class='ocr_line' id='line_1_27' title="bbox 110 2980 1128 3070; baseline -0.002 -21"><span class='ocrx_word' id='word_1_196' title='bbox 110 2984 230 3070; x_wconf 84' lang='grc' dir='ltr'><strong><em>ἀνδρες</em></strong></span> <span class='ocrx_word' id='word_1_197' title='bbox 261 2982 316 3050; x_wconf 82' lang='grc' dir='ltr'><strong><em>καὶ</em></strong></span> <span class='ocrx_word' id='word_1_198' title='bbox 340 2984 470 3069; x_wconf 85' lang='grc' dir='ltr'><strong><em>ἔλεξαν,</em></strong></span> <span class='ocrx_word' id='word_1_199' title='bbox 505 2985 609 3070; x_wconf 82' lang='grc' dir='ltr'><strong><em>δσαη</em></strong></span> <span class='ocrx_word' id='word_1_200' title='bbox 640 2985 745 3070; x_wconf 79' lang='grc' dir='ltr'><strong><em>βουλὴ</em></strong></span> <span class='ocrx_word' id='word_1_201' title='bbox 778 2984 892 3061; x_wconf 76' lang='grc' dir='ltr'><strong><em>αὐτοῖς</em></strong></span> <span class='ocrx_word' id='word_1_202' title='bbox 923 2980 1128 3067; x_wconf 83' lang='grc' dir='ltr'><strong><em>ἐπέστελλεν,</em></strong></span> 
     </span>
    </p>
   </div>
   <div class='ocr_carea' id='block_1_3' title="bbox 112 3173 1129 3317">
    <p class='ocr_par' dir='ltr' id='par_1_9' title="bbox 112 3173 1129 3317">
     <span class='ocr_line' id='line_1_28' title="bbox 182 3173 1129 3250; baseline 0 -20"><span class='ocrx_word' id='word_1_203' title='bbox 182 3183 197 3230; x_wconf 81' lang='grc'>5</span> <span class='ocrx_word' id='word_1_204' title='bbox 218 3175 442 3250; x_wconf 76' lang='grc' dir='ltr'><strong><em>ἀντικεῖσθαι)</em></strong></span> <span class='ocrx_word' id='word_1_205' title='bbox 464 3177 496 3231; x_wconf 90' lang='lat' dir='ltr'><strong><em>in</em></strong></span> <span class='ocrx_word' id='word_1_206' title='bbox 517 3193 573 3232; x_wconf 73' lang='lat' dir='ltr'>ras.</span> <span class='ocrx_word' id='word_1_207' title='bbox 597 3176 620 3229; x_wconf 95' lang='lat' dir='ltr'>B</span> <span class='ocrx_word' id='word_1_208' title='bbox 730 3182 746 3230; x_wconf 86' lang='grc'><strong>6</strong></span> <span class='ocrx_word' id='word_1_209' title='bbox 767 3173 866 3242; x_wconf 76' lang='grc' dir='ltr'><strong><em>ἔξοδον</em></strong></span> <span class='ocrx_word' id='word_1_210' title='bbox 891 3173 952 3231; x_wconf 80' lang='grc' dir='ltr'><strong><em>οἷον</em></strong></span> <span class='ocrx_word' id='word_1_211' title='bbox 975 3175 1002 3228; x_wconf 87' lang='grc' dir='ltr'><strong>Α</strong></span> <span class='ocrx_word' id='word_1_212' title='bbox 1027 3173 1129 3243; x_wconf 80' lang='grc' dir='ltr'><strong><em>ἔξοδον</em></strong></span> 
     </span>
     <span class='ocr_line' id='line_1_29' title="bbox 112 3197 1129 3317; baseline 0.003 -17"><span class='ocrx_word' id='word_1_213' title='bbox 112 3245 261 3301; x_wconf 86' lang='grc' dir='ltr'><strong><em>οίωνῶνΒ</em></strong></span> <span class='ocrx_word' id='word_1_214' title='bbox 286 3197 324 3315; x_wconf 56' lang='grc' dir='ltr'><strong><em>ἓξ.</em></strong></span> <span class='ocrx_word' id='word_1_215' title='bbox 344 3246 384 3304; x_wconf 87' lang='grc' dir='ltr'><strong><em>δι’</em></strong></span> <span class='ocrx_word' id='word_1_216' title='bbox 406 3250 440 3306; x_wconf 84' lang='grc' dir='ltr'><strong><em>οί.</em></strong></span> <span class='ocrx_word' id='word_1_217' title='bbox 466 3267 488 3304; x_wconf 85' lang='grc' dir='ltr'><strong><em>ο.</em></strong></span> <span class='ocrx_word' id='word_1_218' title='bbox 509 3247 611 3303; x_wconf 82' lang='lat' dir='ltr'><strong>Reiske</strong></span> <span class='ocrx_word' id='word_1_219' title='bbox 703 3244 754 3314; x_wconf 66' lang='lat'><strong><em>735</em></strong></span> <span class='ocrx_word' id='word_1_220' title='bbox 775 3246 859 3317; x_wconf 85' lang='grc' dir='ltr'><strong><em>άλλης</em></strong></span> <span class='ocrx_word' id='word_1_221' title='bbox 881 3247 958 3309; x_wconf 84' lang='grc' dir='ltr'><strong><em>τινὸς</em></strong></span> <span class='ocrx_word' id='word_1_222' title='bbox 976 3246 1086 3311; x_wconf 82' lang='grc' dir='ltr'><strong><em>ὀττείας</em></strong></span> <span class='ocrx_word' id='word_1_223' title='bbox 1105 3264 1129 3304; x_wconf 81' lang='lat' dir='ltr'><strong><em>e.</em></strong></span> 
     </span>
    </p>
   </div>
   <div class='ocr_carea' id='block_1_4' title="bbox 111 3339 1129 3493">
    <p class='ocr_par' dir='ltr' id='par_1_10' title="bbox 111 3339 1129 3493">
     <span class='ocr_line' id='line_1_30' title="bbox 111 3339 1129 3423; baseline 0.005 -18"><span class='ocrx_word' id='word_1_224' title='bbox 111 3352 256 3423; x_wconf 80' lang='lat' dir='ltr'><strong>Kiessling</strong></span> <span class='ocrx_word' id='word_1_225' title='bbox 343 3362 376 3410; x_wconf 75' lang='lat'><strong><em>12</em></strong></span> <span class='ocrx_word' id='word_1_226' title='bbox 395 3356 427 3411; x_wconf 76' lang='grc' dir='ltr'><strong><em>δὲ</em></strong></span> <span class='ocrx_word' id='word_1_227' title='bbox 447 3355 554 3413; x_wconf 81' lang='lat' dir='ltr'><strong>add.B</strong></span> <span class='ocrx_word' id='word_1_228' title='bbox 640 3360 674 3409; x_wconf 77' lang='lat'><strong><em>21</em></strong></span> <span class='ocrx_word' id='word_1_229' title='bbox 695 3339 785 3423; x_wconf 69' lang='grc' dir='ltr'><strong><em>άμαΒ</em></strong></span> <span class='ocrx_word' id='word_1_230' title='bbox 872 3360 906 3409; x_wconf 80' lang='lat'><strong><em>26</em></strong></span> <span class='ocrx_word' id='word_1_231' title='bbox 927 3349 1086 3410; x_wconf 78' lang='grc' dir='ltr'><strong><em>ἐπέστειλεν</em></strong></span> <span class='ocrx_word' id='word_1_232' title='bbox 1106 3372 1129 3410; x_wconf 89' lang='grc' dir='ltr'><strong><em>ο.</em></strong></span> 
     </span>
     <span class='ocr_line' id='line_1_31' title="bbox 113 3423 646 3493; baseline 0.004 -17"><span class='ocrx_word' id='word_1_233' title='bbox 113 3423 257 3493; x_wconf 74' lang='lat' dir='ltr'>KIessling</span> <span class='ocrx_word' id='word_1_234' title='bbox 644 3451 646 3454; x_wconf 43' lang='lat'><em>⁴</em></span> 
     </span>
    </p>
   </div>
   <div class='ocr_carea' id='block_1_5' title="bbox 91 3538 218 3608">
    <p class='ocr_par' dir='ltr' id='par_1_11' title="bbox 91 3538 218 3608">
     <span class='ocr_line' id='line_1_32' title="bbox 91 3538 218 3608; baseline 0.008 -1"><span class='ocrx_word' id='word_1_235' title='bbox 91 3538 218 3608; x_wconf 64' lang='grc' dir='ltr'><strong><em>,Α</em></strong></span> 
     </span>
    </p>
   </div>
   <div class='ocr_carea' id='block_1_6' title="bbox 0 0 1216 3848">
    <p class='ocr_par' dir='ltr' id='par_1_12' title="bbox 0 0 1216 3848">
     <span class='ocr_line' id='line_1_33' title="bbox 0 0 1216 3848; baseline 0 2"><span class='ocrx_word' id='word_1_236' title='bbox 0 0 1216 3848; x_wconf 95' lang='lat' dir='ltr'><strong><em> </em></strong></span> 
     </span>
    </p>
   </div>
  </div>
 </body>
</html>
