2424 3848
113 94 138 160 ,ο
495 95 663 144 -H-

100 254 171 322 τειτ’
205 259 341 322 ἔκδοτον
374 255 462 341 παρὰ
489 264 547 339 τής
574 258 697 339 βουλής
723 252 841 338 ἠξίουν
868 251 923 320 ἐπὶ
950 253 1091 344 θανάτφ

94 368 200 449 αβείν·
224 362 445 448 ἀποτυχόντες
467 357 497 426 δ’
526 358 723 446 ἀμφοτέρων
746 357 1017 447 προύκαλέσαντο
1038 359 1092 427 ἐπὶ

83 473 189 555 δίκην,
216 469 259 552 ἠν
282 466 377 534 αὐτοὶ
400 468 550 533 δικάσειν
573 470 728 552 ἔμελλον,
754 467 956 555 τυραννίδος
978 466 1093 553 ἐπιβα-

76 580 190 653 λόντες
214 579 333 641 αίτίαν.
377 573 433 640 καὶ
456 572 536 642 οὐδὲ
558 572 646 642 τοῦτ’
675 577 817 660 ἔμαθον,
844 575 896 640 ὅτι
918 576 1015 664 δήμφ
1037 575 1094 640 τά·

75 706 199 770 ραννος
217 681 328 760 οὐδεὶς
346 687 486 767 πολεμεῖ
503 683 669 767 μετὰτῶν
688 680 834 767 ἀρίστων
851 681 986 764 συστάς,
1009 679 1096 747 ἀλλά

74 790 232 856 τάναντία
255 791 335 875 μετά
358 799 419 856 τοῦ
442 791 550 874 δήμου
572 792 610 855 τὸ
633 788 810 874 κράτιστον
836 787 873 854 ἐκ
889 797 948 874 τῆς
965 790 1096 865 πόλεως

75 895 208 981 ἀναιρεῖ
232 896 344 981 μέρος·
375 897 591 980 δικαστήριόν
617 893 647 959 τῗ
677 896 739 980 οὐχ
771 895 852 981 ὅπερ
880 889 924 978 ἠν
951 895 1096 981 πάτριον

76 1001 251 1069 ἀπέδωκάν
273 1027 330 1087 μοι
353 1004 414 1086 τήν
438 1006 565 1086 λοχῖτιν
587 1000 784 1079 καλέσαντες
806 1000 997 1085 ἐκκλησίαν,
1019 997 1187 1071 ἀλλίόδ

76 1109 94 1174 ὃ
117 1108 238 1186 πάντες
261 1109 462 1193 ὁμολογοῦσι
484 1111 713 1193 πονηρότατον
735 1103 822 1174 εἶναι
849 1108 1095 1192 [δικαστήριον]

37 1239 63 1278 10
76 1214 132 1280 καὶ
151 1214 200 1281 ἐπ’
219 1217 301 1302 έμοῦ
319 1217 453 1301 πρώτον
472 1212 527 1280 καί
548 1218 655 1300 μόνον
674 1218 869 1300 γευόμενον,
891 1213 929 1279 ἐν
946 1207 974 1302 ᾧ
992 1211 1097 1281 πλέον

77 1324 164 1408 ἐχειν
183 1324 322 1406 ἔμελλον
339 1324 375 1388 οί
389 1329 491 1405 θήτες
508 1320 565 1388 καί
583 1320 730 1388 ἀνέστιοι
747 1320 802 1387 καί
820 1332 891 1398 τοίς
908 1319 1098 1406 ἀλλοτρίοις

78 1428 351 1512 ἐπιβουλεύοντες
372 1432 459 1512 βίοις
481 1439 549 1493 τῶν
573 1428 713 1512 ἀγαθῶν
734 1426 791 1493 καὶ
816 1430 956 1494 δικαίων
977 1424 1036 1493 καὶ
1057 1428 1098 1493 τά

43 1537 174 1605 3κοινά
198 1536 361 1613 σώζεσθαι
384 1532 611 1619 βουλομένων.
656 1544 797 1600 τοσοῦτο
822 1531 853 1599 δ’
875 1535 941 1619 ἀρα
962 1557 1023 1618 μοι
1041 1553 1098 1601 πε-

80 1648 157 1726 ριήν
179 1651 240 1706 τοῦ
263 1636 369 1725 μηδὲν
394 1639 534 1723 ἀδικεῖν,
558 1638 635 1706 ὥστ’
658 1640 695 1706 ἐν
713 1641 801 1729 όχλφ
824 1643 1034 1725 κρινόμενος,
1056 1634 1098 1707 οὗ

41 1769 67 1810 15
80 1749 117 1812 τὸ
139 1745 243 1812 πλέον
266 1749 488 1833 μισόχρηστον
514 1742 558 1831 ἠν
585 1745 641 1811 καλ
670 1747 726 1812 διὰ
748 1744 838 1813 τοῦτ’
864 1746 990 1833 ἐχθρὸν
1013 1746 1099 1832 ἐμοί,

82 1852 161 1920 δυσὶ
183 1857 289 1939 μόνον
312 1851 420 1925 ἑάλων
442 1856 567 1939 ήήφοις
589 1852 841 1938 ἀποτιθεμένων
858 1855 920 1937 τήν
943 1851 1099 1932 ἐξουσίαν

80 1972 148 2027 τῶν
181 1957 376 2046 δημάρχων,
408 1962 440 2026 εί
470 1962 514 2045 μή
546 1962 827 2044 καταδικασθείην
859 1958 941 2045 ἐγώ,
971 1957 1029 2026 καὶ
1060 1960 1100 2026 τά
1173 2008 1177 2021 .

81 2071 201 2153 ἔσχατα
215 2069 390 2131 πείσεσθαι
403 2069 487 2151 πρὸς
501 2066 584 2152 ἐμοῦ
602 2069 769 2149 λεγόντων
786 2063 842 2131 καὶ
858 2063 950 2154 πάση
968 2069 1100 2154 σπουδή

81 2171 137 2238 καί
160 2176 333 2259 προθυμία
356 2173 444 2258 παρὰ
466 2175 526 2238 τὸν
544 2170 658 2256 ἀγῶνα
678 2169 748 2237 κατ’
770 2171 853 2257 ἐμοῦ
869 2171 1104 2259 χρησαμένων.

41 2264 216 2376 ιβχτοιαῦτα
244 2279 285 2361 δή
317 2279 495 2357 πεπονθὼς
527 2278 592 2362 ἐγὼ
624 2281 708 2364 πρὸς
733 2290 801 2344 τῶν
829 2278 976 2363 ἐμαυτοῦ
1002 2286 1099 2347 πολι-

80 2395 147 2450 τῶν
169 2383 314 2469 ἀβίωτον
336 2383 511 2469 ἠγησάμην
534 2387 593 2450 τὸν
616 2387 735 2451 λοιπδν
758 2388 899 2451 ἔσεσθαί
923 2409 982 2471 μοι
1010 2390 1102 2472 βίον,

81 2493 112 2557 εί
134 2491 178 2576 μή
201 2487 336 2575 λάβοιμι
358 2487 435 2575 παρ’
461 2491 572 2557 αὐτῶν
600 2493 705 2568 δίκας·
733 2490 788 2558 καί
818 2493 875 2558 διά
901 2491 994 2560 τοῦτ’
1021 2493 1099 2574 ἐξόν

81 2622 139 2683 μοι
166 2600 223 2680 ζήν
250 2595 485 2681 ἀπραγμόνως,
517 2593 576 2662 εἴτ’
608 2595 645 2662 ἐν
676 2609 749 2674 ταῖς
775 2600 933 2664 Λατίνων
959 2602 1098 2666 πόλεσιν

80 2704 273 2788 ἠβουλόμην
295 2704 377 2768 κατά
400 2705 437 2768 τὸ
461 2701 629 2788 συγγενές,
652 2700 710 2770 εἴτ’
733 2704 770 2769 ἐν
790 2715 862 2782 ταῖς
884 2709 1097 2790 νεοκτίστοις,

41 2832 68 2877 νε
82 2811 120 2888 ἀς
148 2810 183 2876 οί
206 2806 343 2895 πατέρες
369 2808 464 2892 ἠμῦν
491 2807 679 2898 ἀπῴκισαν,
709 2811 772 2877 οὐκ
798 2812 1017 2897 ἠβουλήθην,
1046 2810 1096 2899 ἐφ’

81 2917 167 3002 ὑμᾶς
194 2912 231 2982 δέ
254 2914 458 3000 κατέφυγον,
489 2916 548 2994 οὓς
580 2915 769 3002 ἠπιστάμην
795 2914 934 2983 πλεῖστά
966 2916 1004 2984 θ’
1036 2920 1150 2988 ὑπδωιῐ

154 3151 170 3199 2
189 3141 430 3215 προσεκαλέσαντο
450 3161 473 3200 ο.
492 3142 597 3199 Reiske
656 3150 673 3198 4
692 3142 796 3214 αἰτίαν,
815 3165 841 3200 ιι.
861 3144 928 3200 οὐδὲ
947 3154 1032 3203 τοῦτο
1052 3168 1104 3219 μα-

82 3215 185 3278 θόντες
202 3216 276 3270 Pr0u
340 3223 355 3269 6
375 3210 406 3269 ἐκ
424 3223 474 3285 τῆς
491 3218 597 3278 πόλεως
616 3214 631 3269 ὁ
649 3215 787 3286 τύραννος
805 3214 960 3287 ἀναιρεῖΒ
1026 3225 1044 3274 9
1062 3222 1105 3275 δι-

84 3285 234 3357 καστήριον
253 3287 306 3340 del.
326 3286 450 3340 Reudler
468 3287 525 3340 Tir.
544 3286 606 3340 erit.
625 3304 652 3355 p.
668 3293 703 3341 54
773 3294 805 3342 13
823 3296 958 3343 τοσοῦτον
976 3287 1000 3343 Β
1072 3298 1105 3349 16

85 3352 156 3412 έάλω
174 3358 201 3410 Α
254 3362 289 3411 26
308 3354 483 3428 κατέφυγον
500 3357 660 3428 ἠπιστάμην
679 3357 732 3429 γὰρ
751 3360 777 3412 A
796 3378 821 3415 κ.
836 3358 885 3422 οδς
902 3358 1107 3434 ἠπιστάμηνΒ
