2424 3848
496 209 656 258 -Ζ-
1016 203 1079 269 117

72 372 210 448 ἄνθους·
237 381 313 446 τοῖς·
333 365 364 434 δ’
393 370 440 444 είς
467 370 641 454 Σατύρους
667 369 872 453 περιζώματα
903 367 958 433 καὶ
984 367 1081 454 δοραὶ

70 478 199 564 τρώγων
226 475 282 542 καὶ
310 474 503 561 ὀρθότριχες
531 474 583 541 ἐπὶ
611 487 682 552 ταῖς
713 481 870 561 κεφαλαῖς
896 479 999 561 φόβαι
1026 475 1082 542 καὶ

69 584 129 650 ὅσα
156 584 287 660 τούτοις
311 582 418 666 ὅμοια.
469 577 563 648 οὗτοι
589 580 819 649 κατέσκωπτόν
845 606 880 647 τε
907 580 962 647 καὶ
989 605 1081 648 κατε-

67 698 229 775 μιμοῦντο
259 689 316 765 τδις
346 689 529 765 σπουδαίας
557 691 703 772 κινήσεις
735 687 788 754 ἐπὶ
820 689 859 754 τδι
891 692 1081 775 γελοιότερα

66 794 312 881 μεταφέροντες.
350 794 491 878 δηλοῦσι
505 789 542 858 δέ
560 791 666 858 καλαί
681 804 749 859 τῶν
763 795 939 880 θριάμβων
954 798 1080 861 είσοδοι
1091 776 1131 890 151

66 903 210 968 παλαιὰν
237 898 293 965 καὶ
316 898 493 986 ἐπιχώριον
520 895 626 965 οὖσαν
644 898 814 984 Ῥωμαίοις
836 902 896 985 τήν
919 899 1080 988 κέρτομον

66 1008 119 1075 καὶ
147 1009 329 1092 σατυρικήν
361 1007 507 1072 παιδιάν.
558 1006 685 1092 ἐφεῖται
715 1008 779 1093 γὰρ
806 1019 875 1084 τοῖς
900 1010 1081 1092 κατάγουσι

20 1117 123 1193 θυιὰς
146 1118 241 1191 νίκας
260 1115 422 1197 ἰαμβίζειν
439 1137 474 1178 τε
496 1111 551 1178 καὶ
568 1115 812 1179 κατασκώπτειν
830 1117 908 1191 τοὺς
927 1114 1081 1201 ε’πιφανε-

67 1223 205 1297 στάτους
227 1221 352 1304 ἄνδρας
370 1220 482 1296 αὐτοῖς
500 1219 745 1305 στρατηλάταις,
769 1222 814 1297 ώς
833 1218 993 1305 Ἀθήνησι
1010 1231 1080 1298 τοῖς

66 1337 266 1414 πομπευταῖς
292 1337 362 1402 τοῖς
386 1323 528 1391 ἐπὶτῶν
551 1325 685 1410 ἁμαξῶν
707 1329 870 1413 πρότερον
893 1329 960 1412 ἅμα
985 1331 1078 1409 [τοῖς]
1096 1344 1121 1386 ιο

67 1437 239 1520 σκώμμασι
273 1430 553 1518 παροχουμένοις,
584 1442 649 1498 νῦν
682 1431 720 1498 δὲ
752 1432 905 1518 ποιήματ’
939 1432 1080 1520 ᾅδουσιν

66 1537 272 1625 αὐτοσχέδια.
317 1535 410 1604 είδον
429 1535 467 1604 δέ
485 1537 540 1605 καὶ
562 1538 599 1605 έν
618 1539 752 1625 ἀνδρῶν
771 1539 940 1625 ἐπισήμων
963 1552 1081 1627 ταφαίς
1093 1543 1133 1608 12

66 1647 130 1731 ἅμα
160 1657 230 1721 ταῖς
259 1647 374 1722 ἄλλαις
404 1657 548 1730 πομπαῖς
576 1645 849 1732 προηγουμένους
880 1657 937 1733 τής
966 1652 1081 1734 κλίνης

65 1755 141 1830 τοὺς
164 1762 370 1837 σατυριστῶν
392 1755 513 1837 χοροὺς
534 1751 755 1837 κινουμένους
775 1754 836 1837 τήν
855 1757 1001 1821 σίκιννιν
1025 1756 1080 1841 όρ-

65 1876 177 1945 χησιν,
210 1859 351 1943 μάλιστα
379 1855 409 1922 δ’
441 1857 477 1923 έν
504 1870 575 1932 τοῖς
601 1869 668 1924 τῶν
697 1859 907 1944 εὐδαιμόνων
934 1862 1080 1943 κήδεσιν.
1096 1879 1121 1921 15

66 1967 113 2032 ὅτι
138 1962 169 2031 δ’
193 1966 269 2030 οὔτε
289 1967 427 2049 Λιγύων
446 1964 515 2032 οὔτ’
534 1961 719 2052 Ὀμβρικῶν
747 1965 816 2033 οὔτ’
845 1970 956 2034 ἄλλων
979 1979 1081 2033 τινῶν

65 2072 244 2157 βαρβάρων
262 2083 329 2137 τῶν
348 2070 385 2136 έν
401 2068 522 2160 Ἰταλίᾳ
538 2075 786 2139 κατοικούντων
800 2075 927 2159 εὕρημα
944 2073 965 2158 ή
984 2091 1081 2139 σατυ-

20 2181 138 2266 ὖσρική
166 2179 283 2243 παιδιὰ
306 2176 360 2243 καί
383 2179 518 2263 ’όρχησις
538 2173 598 2262 ήν,
625 2176 697 2244 ἀλλ’
720 2177 906 2264 Ἑλλήνων,
934 2179 1080 2264 δέδοικα,

63 2287 104 2372 μή
127 2287 185 2351 καί
208 2283 347 2370 ὀχληρὸς
364 2279 454 2349 εἶναί
467 2301 535 2350 τισι
555 2283 652 2368 δόξω,
670 2288 782 2368 λόγοις
798 2289 927 2352 πλείοσι
945 2295 1081 2353 πιστοῦ·

63 2399 144 2458 σθαι
167 2392 439 2476 ὁμολογούμενον
461 2399 595 2475 πρᾶγμα
618 2395 837 2477 βουλόμενος.
1093 2414 1120 2453 το

128 2498 226 2564 Μετὰ
245 2495 283 2562 δὲ
301 2502 380 2575 τοὺς
397 2500 517 2584 χοροὺς
533 2499 672 2575 τούτους
698 2503 892 2585 κιθαρισταί
907 2500 940 2565 τ’
957 2499 1079 2585 ἀθρόοι
1092 2502 1133 2566 13

63 2603 117 2671 καὶ
142 2602 282 2688 αὐληταί
304 2600 423 2670 πολλοὶ
445 2601 662 2690 παρεξῄεσαν·
686 2605 742 2671 καί
762 2603 830 2690 μετ’
852 2605 973 2682 αὐτοὺς
996 2606 1080 2670 οἵτε

63 2713 101 2777 τώ
123 2713 329 2796 θυμιατήρια
353 2713 551 2795 κομίζοντες,
579 2709 631 2796 ἐφ’
659 2705 707 2777 ὧν
731 2712 887 2798 ἀρώματα
910 2709 965 2776 καὶ
988 2715 1080 2794 λιβαε

63 2819 168 2894 νωτὸς
195 2811 271 2903 παρ’
303 2816 385 2901 ὅλην
412 2817 494 2883 ὁδὸν
522 2815 700 2902 ἐθυμιᾶτο,
727 2817 783 2884 καί
810 2819 845 2883 οί
870 2818 909 2881 τὰ
935 2828 1080 2902 πομπεῖα

64 2921 311 3010 παραφέροντες
334 2921 496 3010 ἀργυρίου
518 2921 573 2988 καὶ
596 2927 737 3010 χρυσίου
755 2922 960 3008 πεποιημένα
982 2924 1022 2989 τοί
1044 2945 1119 2989 τετε

66 3031 136 3117 ίεριλ
165 3027 222 3096 καὶ
247 3030 287 3094 τὰ
316 3031 469 3113 δημόσια.
518 3035 688 3095 τελευταῖα
720 3026 757 3095 δέ
786 3030 919 3094 πάντων
949 3029 987 3094 αί
1012 3041 1080 3095 τῶν

134 3194 151 3241 2
170 3195 266 3255 φῶκαι
283 3185 331 3240 Aa
349 3187 445 3258 φώβαι
464 3186 511 3240 Ab
597 3195 613 3241 3
634 3187 716 3257 ὅμοια
736 3203 822 3255 supra
841 3187 936 3251 script.
955 3187 978 3240 B
1060 3191 1076 3240 5

67 3258 96 3313 τί
112 3273 199 3328 supra
217 3259 354 3327 script.B
409 3257 673 3327 9στρατηλώταςΒ
724 3263 757 3310 10
776 3257 870 3319 rocco
891 3258 944 3314 del.
959 3258 1078 3313 Hudson
1147 3312 1149 3316 ,

68 3335 97 3384 11
116 3326 363 3399 παρορχουμένους
382 3327 404 3382 0
424 3344 492 3382 corr.
508 3328 629 3398 Sylburg
649 3331 653 3398 1
674 3327 817 3400 ποιήματα
836 3327 859 3382 0
933 3336 966 3384 12
987 3327 1075 3401 εἶδον]

68 3393 135 3468 ήδον
153 3399 179 3452 A
265 3406 298 3454 14
317 3398 482 3469 σατυριοτὰς
500 3398 522 3453 Ο
542 3417 610 3454 corr.
631 3398 785 3455 Salmasius
874 3407 905 3456 17
926 3400 1033 3473 εώρημα
1053 3405 1078 3454 Α

70 3470 169 3542 εὕρεμα
187 3470 210 3524 Β
282 3477 317 3526 24
336 3470 403 3539 ὅλην
421 3470 473 3539 τὴν
492 3469 560 3525 ὁδὸν
579 3487 601 3526 ο.
620 3470 766 3541 Kiessling
