2424 3848
154 170 197 234 ιε
579 173 739 221 -ι-

155 333 200 410 ὡς
215 335 344 415 ἔμαθον
358 329 598 415 ἐξεληλυθυῖαν
617 330 654 396 ἐκ
671 338 728 414 της
745 334 872 408 πόλεως
890 333 951 416 την
970 340 1030 396 τοῦ
1048 331 1167 415 τυράν-

155 463 217 505 νου
241 438 397 524 στρατιάν
417 440 608 522 συνθήμασι
626 444 833 522 μηνυθεῖσαν
852 439 917 504 ὑπὸ
938 448 1005 503 τῶν
1024 448 1167 521 σκοπῶν,

155 543 341 629 πέμπουσιν
356 543 389 622 ἐξ
404 545 514 610 αὐτῶν
532 541 608 629 περὶ
627 541 784 628 ἑξήκοντα
802 544 942 628 μάλιστα
960 547 1038 620 τοὺς
1056 543 1168 609 εὐτολ-

156 652 316 736 μοτάτους
343 647 507 735 διφθέρας
534 651 668 735 ἔχοντας
695 648 749 715 καὶ
779 649 964 735 φακέλλους
986 650 1168 735 φρυγάνων

115 739 357 854 Ξκομίζοντας.
394 751 486 822 οὗτοι
508 754 585 842 περὶ
607 756 739 842 λύχνων
758 754 844 842 ἁφάς
863 757 958 822 άλλοι
976 753 1046 821 κατ’
1067 758 1169 833 άλλας

155 865 260 940 πύλας
279 864 322 939 ὡς
340 870 494 949 χερνῆται
511 865 787 947 παρεισπεσόντες
800 865 937 928 ἔλαθον·
961 863 1005 939 ὡς
1019 859 1049 926 δ’
1068 864 1168 929 ἔνδον

156 969 309 1054 ἐγένοντο
336 977 397 1034 τοῦ
424 972 552 1054 τείχους
579 968 810 1046 ἐξελκύσαντες
837 968 872 1034 ἐκ
899 980 966 1035 τῶν
993 967 1168 1055 φακέλλων

28 1079 48 1093 ”
156 1076 176 1142 ά
199 1074 423 1162 κατέκρυπτον
450 1075 545 1160 ξίφη,
572 1073 627 1141 καλ
655 1079 877 1152 συνελθόντες
904 1079 951 1153 είς
977 1078 1037 1141 τὸν
1065 1074 1168 1141 αὐτὸν

156 1185 296 1260 άπαντες
318 1185 421 1248 τύπον
445 1180 543 1247 ἔπειτ’
570 1181 699 1247 ἐκεῖθεν
723 1182 925 1268 ὁρμήσαντες
942 1182 1063 1269 ἀθρόοι
1085 1184 1169 1268 πρὸς

15 1318 18 1345 ι
116 1309 143 1350 ιο
156 1291 213 1368 τάς
236 1287 292 1355 ἐπὶ·
311 1291 371 1355 τὸν
385 1287 529 1375 ’Άορνον
552 1290 718 1375 φερούσας
740 1290 845 1376 πύλας
867 1290 945 1366 τούς
965 1313 1000 1354 τε
1019 1290 1201 1374 φύλακαςιο

156 1397 266 1463 αὐτῶν
293 1394 525 1460 ἀποκτείνουσι
550 1393 778 1479 κοιμωμένους
804 1399 857 1461 καὶ
884 1398 962 1473 τοὺς
990 1394 1169 1482 σφετέρους
1201 1469 1204 1472 ‚

157 1504 302 1579 ἅπαντας
322 1504 387 1587 ἤδη
410 1511 470 1568 τοῦ
497 1504 625 1586 τείχους
650 1505 792 1586 πλησίον
820 1503 917 1580 ὄντας
944 1501 1169 1586 ἀναπεπταμέ-

156 1633 231 1686 ναις
257 1618 328 1686 ταίς
358 1610 477 1684 πύλαις
507 1605 743 1693 ὑποδέχονται,
769 1606 824 1673 καὶ
856 1616 954 1674 τοῦτο
987 1607 1169 1695 πράξαντες

120 1717 288 1784 3ἔλαθον.
333 1715 426 1800 ἔτυχε
453 1715 516 1799 γάρ
546 1712 654 1800 ἐκείνη
686 1722 724 1799 τῇ
753 1712 847 1780 νυκτὶ
876 1713 972 1802 έορτη
1004 1739 1053 1792 τις
1084 1710 1168 1781 οὖσα

16 1878 18 1885 .
117 1841 142 1882 ιε
157 1822 349 1904 δημοτελής,
371 1818 426 1884 καὶ
450 1815 493 1883 δι’
516 1819 622 1903 αὐτην
640 1821 724 1896 ἅπας
748 1821 765 1886 ὁ
789 1821 870 1886 κατά
888 1824 987 1887 πόλιν
1010 1822 1107 1906 ὄχλος
1130 1819 1167 1886 έν

9 1929 13 1955 ¹
156 1928 269 2002 πότοις
288 1925 335 1992 ὢν
358 1924 413 1990 καὶ
431 1936 501 2002 ταῖς
519 1927 634 2004 άλλαις
652 1926 852 2005 εὐπαθείαις.
889 1935 986 1993 τοῦτο
1005 1924 1167 2013 παρέσχεν

157 2032 269 2109 αὐτοῖς
295 2032 377 2098 κατά
403 2033 531 2116 πολλην
558 2033 673 2099 άδειαν
701 2032 826 2110 ἁπάσας
854 2035 1003 2099 διελθεῖν
1030 2034 1087 2111 τάς
1114 2031 1168 2098 ἐπὶ

156 2139 217 2222 την
236 2141 439 2225 τυραννικὴν
459 2141 567 2204 οίκίαν
585 2140 752 2224 φερούσας
771 2140 883 2217 ὁδούς·
907 2139 962 2206 καλ
982 2137 1060 2206 οὐδὲ
1079 2140 1167 2226 παρά

15 2328 17 2335 Α
156 2256 228 2322 ταῖς
249 2246 372 2330 θύραις
394 2248 522 2329 πολλην
539 2268 614 2310 τινα
631 2244 686 2310 καὶ
705 2245 925 2332 ἐγρηγορυῖαν
943 2242 1045 2332 εὗρον
1064 2251 1170 2332 φυλα-

15 2344 17 2364 ²
116 2373 144 2412 ιο
157 2354 232 2436 κην,
259 2350 343 2417 άλλά
365 2351 539 2417 κάνταῦθα
561 2355 638 2429 τοὺς
661 2348 722 2436 μὲν
744 2352 808 2437 ἤδη
832 2354 1069 2436 καθεύδοντας,
1092 2356 1169 2429 τοὺς

15 2444 18 2465 ²
158 2455 196 2523 δὲ
219 2457 405 2542 μεθύοντας
427 2456 675 2544 ἀποσφάξαντες
695 2460 772 2544 δίχα
789 2462 897 2525 πόνον
915 2457 970 2525 καλ
988 2461 1069 2525 κατά
1088 2465 1169 2543 πλῆ-

157 2571 222 2641 θος
240 2566 287 2640 είς
304 2565 365 2648 την
384 2566 492 2630 οίκίαν
511 2565 687 2649 ὠσάμενοι,
707 2568 786 2642 τοὺς
804 2562 865 2649 μὲν
883 2567 1005 2642 άλλους
1023 2565 1170 2643 ἅπαντας

158 2671 233 2737 ούτε
256 2681 323 2735 τῶν
346 2672 507 2754 σωμάτων
534 2672 582 2735 ἔτι
609 2681 810 2757 κρατοῦντας
837 2672 912 2737 οὔτε
940 2683 1006 2738 τῶν
1033 2684 1169 2759 φρενῶν

158 2779 214 2842 διὰ
240 2778 299 2843 τὸν
332 2771 426 2842 οἶνον
452 2777 628 2862 προβάτων
661 2779 757 2862 δίκην
788 2775 1008 2862 κατέσφαξαν·
1041 2780 1100 2844 τὸν
1133 2776 1165 2843 δ’

232 3009 263 3058 12
282 3005 344 3076 *τῷ
362 3006 447 3073 τείχει
464 3002 582 3072 πλησίον
601 3002 623 3057 Ο
643 3003 749 3058 correxi
822 3011 854 3059 13
868 3003 917 3058 καλ
936 3003 971 3072 δη
986 3003 1035 3058 καλ
1048 3013 1130 3059 τοῦτο
1145 3022 1169 3062 0.

156 3072 261 3129 Reiske
352 3080 384 3130 15
403 3072 442 3128 δι’
464 3075 550 3143 αὐτῆς
567 3073 590 3128 Β
682 3080 714 3129 16
733 3083 815 3129 τοῦτο
833 3075 863 3128 in
880 3073 942 3129 τότε
960 3077 1071 3129 mutare
1091 3078 1121 3130 et
1138 3078 1171 3132 in

157 3145 329 3216 praecedens
348 3161 458 3200 comma
476 3145 627 3200 transferre
645 3144 747 3200 maluit
765 3145 885 3215 Sylburg
971 3154 1002 3200 17
1023 3145 1124 3200 άδειαν
1144 3148 1171 3200 Α

158 3215 305 3272 εύπέτειαν
322 3217 346 3270 Β
435 3221 468 3269 18
486 3216 552 3288 περὶ
569 3223 630 3279 ταῖς
647 3215 752 3287 θύραις
771 3219 793 3271 O
812 3217 891 3287 παρὰ
908 3236 931 3271 τ.
950 3221 981 3272 θ.
1001 3234 1023 3272 o.
1043 3216 1170 3271 Sintenis

157 3289 218 3344 Em.
241 3287 323 3343 Dion.
337 3287 377 3341 HI
393 3293 437 3356 10,
465 3287 531 3358 περὶ
548 3287 598 3350 τὰς
615 3286 709 3358 θύρας
734 3286 822 3341 Cobet
845 3288 910 3343 Obs.
932 3308 957 3358 p.
975 3293 1034 3355 137,
1058 3288 1109 3341 sed
1132 3289 1169 3346 cf.

157 3358 247 3412 Krebs
266 3357 331 3414 Reo.
349 3359 418 3428 phil.
437 3358 493 3415 litt.
512 3374 586 3413 nova
603 3376 631 3428 p.
646 3365 698 3414 325
770 3365 803 3412 22
819 3358 985 3422 άπανταςΑ
1004 3359 1171 3430 σύμπαντας

157 3430 181 3483 Β
253 3435 287 3486 23
306 3437 478 3500 κρατοῦντας
495 3429 521 3482 A
538 3430 689 3501 κρατεροὺς
707 3429 790 3492 ὄντας
808 3430 831 3482 Β
