2424 3848
496 165 662 215 ,Η-

63 327 301 410 θνμούμενον,
320 326 365 402 ὡς
377 326 424 391 οὐ
442 323 601 409 μένουσιν
616 324 669 390 ε’πλ
682 337 751 402 τοῖς
770 324 881 402 αὐτοῖς
896 324 1086 411 πράγμασιν

66 433 109 498 αί
129 443 197 497 τῶν
221 431 413 518 ἀνθρώπων
436 433 538 518 τύχαι.
585 433 715 497 Λύναιο
745 428 775 497 δ’
803 433 861 516 άν,
889 434 970 518 ἔφη,
992 429 1081 500 τοῦτ’
1101 433 1121 497 6

66 539 104 618 ἐξ
129 539 235 606 αὐτοῦ
253 539 393 623 μάλιστα
412 545 534 623 μαθεῖν
554 538 646 623 ἐμοῦ,
669 538 706 616 ὃς
725 538 761 604 ἐν
780 548 818 624 τη
838 545 974 627 μεγίστῃ
992 543 1087 606 πόλει

64 646 245 732 κράτιστός
276 643 348 711 ποτ’
379 640 465 710 εἶναι
497 656 565 711 τῶν
594 647 706 711 άλλων
733 647 844 711 δοκῶν
871 655 935 711 νῦν
968 649 1088 732 ἔρημος

64 749 127 818 καλ
155 753 275 830 ἄπολις
300 749 355 817 καὶ
383 753 535 828 ταπεινὸς
565 750 760 838 ἐρριμμένος
791 761 889 818 τοῦτο
921 757 1087 837 πείσομαι,
1114 776 1128 817 ε

70 859 90 924 ὅ
117 882 151 923 τι
181 857 223 924 ἂν
250 858 359 946 ἐχθρῷ
388 859 460 923 όντι
493 875 546 924 σοι
575 860 666 944 δοκῇ.
715 858 939 944 ὑπισχνοῦμαι
969 856 1008 925 δέ
1034 877 1088 926 σοι

69 958 206 1035 τοσαῦτ’
232 963 344 1047 άγαθὰ
366 967 517 1048 ποιήσειν
543 965 777 1042 Οὐολούσκους
803 969 900 1051 φίλος
924 973 970 1052 τῷ
995 968 1088 1032 ἔθνει

72 1073 264 1155 γενόμενος,
287 1069 349 1135 ὅσα
371 1071 454 1135 κακά
478 1071 681 1156 εἰργασάμην
702 1070 823 1157 ἐχθρὸς
845 1073 901 1136 ἰόν.
947 1073 979 1135 εί
1001 1070 1088 1137 δέτι

73 1178 155 1252 ἄλλο
179 1178 353 1260 γινώσκεις
374 1174 450 1262 περὶ
473 1175 566 1261 ἐμοῦ,
589 1185 708 1263 χρήσαι
731 1187 769 1263 τη
789 1178 871 1263 ὀργή
889 1186 1088 1263 παραχρῆμα

74 1282 129 1348 καὶ
156 1270 308 1348 θάνατον
335 1283 472 1369 χάρισαί
496 1307 553 1368 μοι
580 1286 639 1350 τὸν
665 1285 820 1369 τάχιστον
842 1283 1031 1369 αὐτοχειρία
1053 1306 1087 1348 τε
1102 1307 1129 1349 ιο

74 1387 129 1455 καὶ
145 1386 200 1455 ἐπὶ
217 1399 280 1474 τής
293 1387 403 1467 ἑστίας
420 1399 478 1475 τής
496 1400 637 1456 σεαυτοῦ
655 1392 874 1476 καθιερεύσας
890 1392 950 1455 τὸν
970 1389 1088 1474 ἱκέτην.

24 1501 75 1563 ὒὸ
141 1495 185 1560 Π.
221 1494 293 1561 Ἕτι
323 1492 353 1561 δ’
388 1496 491 1562 αὐτοῦ
524 1507 626 1562 ταῦτα
657 1496 813 1580 λε’γοντος
844 1496 996 1580 ἐμβαλὼν
1028 1496 1089 1579 τήν

77 1600 231 1680 δεξιὰνὸ
259 1603 385 1679 Τύλλος
411 1600 466 1667 καὶ
495 1601 558 1667 ἀπὸ
586 1611 644 1686 τής
667 1599 774 1679 ἑστίας
797 1601 983 1686 ἀναστήσας
1005 1609 1089 1689 θαρ-

76 1720 145 1795 ρεῖν
174 1706 202 1774 τ’
230 1707 332 1774 αὐτὸν
355 1707 543 1792 ἐκέλευσεν,
571 1709 615 1785 ὡς
637 1704 740 1792 μηδὲν
764 1708 900 1787 ἀνάξιον
922 1717 980 1792 τής
1003 1711 1090 1787 ίδίας

76 1815 192 1900 ἀρετῆς
225 1818 423 1898 πεισόμενον
450 1813 505 1881 καὶ
532 1816 656 1892 πολλὰς
683 1815 771 1903 αὐτῷ
802 1817 936 1901 χάριτας
964 1814 1089 1881 είδέναι
1104 1839 1129 1881 ιε

75 1931 130 2005 τῆς
152 1923 237 2004 πρὸς
260 1918 378 1987 ἑαυτὸν
401 1920 543 2006 ἀφίξεως
572 1923 651 2006 ἔφη,
678 1925 775 2006 τιμήν
802 1913 877 1987 τινα
906 1922 946 1987 οὐ
969 1923 1090 2006 μικράν

76 2024 161 2094 εἶναι
179 2024 236 2094 καλ
254 2028 376 2111 ταύτην
395 2026 677 2112 ἀποφαινόμενος·
703 2027 936 2104 Οὐολούσκους
954 2025 980 2092 τ’
1000 2027 1089 2115 αὐτῷ

77 2135 199 2212 πάντας
222 2133 411 2218 ὑπισχνεῖτο
435 2137 587 2217 ποιήσειν
609 2137 729 2219 φίλους
751 2132 932 2219 ἀρξάμενος
950 2134 1015 2200 άπὸ
1034 2142 1091 2218 τῆς

78 2238 198 2307 ἑαυτοῦ
221 2241 390 2326 πατρίδος·
417 2238 472 2305 καὶ
496 2239 655 2324 οὐδεμίαν
679 2239 840 2318 ἐψεύσατο
863 2252 929 2306 τῶν
952 2238 1090 2325 ὑποσχέ-

78 2365 173 2415 σεων.
223 2351 346 2434 χρόνον
377 2346 417 2412 δέ
443 2370 534 2423 τινος
561 2346 602 2411 οὐ
631 2352 757 2412 πολλοῦ
787 2349 982 2425 διελθόντος
1010 2336 1131 2449 βου-220

78 2453 269 2540 λενομένοις
295 2465 365 2530 τοῖς
392 2451 533 2538 άνδράσι
560 2454 641 2517 κατὰ
671 2463 770 2538 σφᾶς,
800 2457 943 2542 Μαρκίῳ
972 2477 1007 2518 τε
1035 2451 1091 2521 καὶ

83 2563 210 2649 Τύλλῳ,
232 2571 340 2626 κινεῖν
358 2558 466 2624 ἐδόκει
485 2561 543 2624 τὸν
561 2561 716 2643 πόλεμον.
762 2561 780 2627 ὁ
799 2556 861 2643 μὲν
879 2554 941 2624 οὐν
965 2559 1091 2635 Τύλλος

79 2667 195 2733 αὐτίκα
214 2667 301 2750 μάλα
322 2664 476 2749 ἐβούλετο
495 2672 605 2730 πᾶσαν
623 2666 683 2749 τήν
705 2665 927 2732 Οὐολούσκων
946 2666 1090 2748 δύναμιν

79 2773 280 2860 παραλαβὼν
304 2770 356 2836 ἐπί
386 2773 446 2856 τήν
468 2769 596 2856 Ῥώμην
619 2784 754 2859 χωρεῖν,
781 2771 844 2849 ἕως
866 2768 1036 2849 ἐστασίαζέ
1055 2794 1090 2836 τε

149 3004 165 3052 5
186 2993 349 3080 ἐρριμμᾷνος
376 3006 457 3053 τούτο
483 2997 648 3069 πεισόμενος
666 2999 699 3080 Ο,
718 2993 882 3069 ἐρριμμένος
907 3018 930 3051 τ.
958 2999 1092 3067 πείσομαι

80 3071 122 3125 ed.
146 3069 354 3125 Tauehmtlana
382 3072 411 3123 et
433 3069 540 3151 Κογροε
561 3070 632 3124 Ann.
652 3069 720 3139 phil.
744 3075 811 3125 1868
838 3086 865 3137 p.
880 3075 933 3157 Slq
961 3067 1092 3139 ἔρριμμαι

178 3139 607 3267 νικιιιωικει
629 3148 645 3195 ⁶
664 3142 747 3266 ιν
844 3145 1020 3266 πιεῖν
1038 3140 1091 3266 κ

80 3231 207 3339 imo}
292 3289 323 3338 17
342 3285 409 3352 post
427 3282 476 3336 καλ
495 3283 611 3351 aliquod
625 3232 796 3337 Ii'ocabulum
815 3284 847 3335 ut
866 3232 1026 3352 εὐεργεσίαν
1046 3282 1092 3337 vel

79 3355 136 3414 tale
155 3354 225 3423 quid
243 3352 421 3409 intercidisse
440 3353 626 3423 Kiesslingius
645 3356 742 3407 censet
813 3360 847 3409 20
865 3358 969 3409 πολλοῦ
988 3353 1037 3408 καλ
1055 3352 1090 3422 δὴ

78 3425 273 3495 παρελθόντος
290 3424 316 3478 Α
