2424 3848
535 207 702 256 ,Η-

112 365 250 442 ἐκείνοις
264 368 328 430 σὺν
346 369 457 454 χρόνῳ
475 368 618 452 τιμωρὸς
637 366 679 432 οὐ
696 366 824 451 μεμπτῆ
837 367 1133 451 παρηκολούθησε,

112 469 156 536 δι’
182 471 225 555 ῆν
253 471 288 537 ἐκ
315 476 472 556 μεγίστου
499 470 581 548 τέως
608 471 795 558 αὐχήματος
819 474 866 550 είς
888 474 1131 538 ταπεινότατον

111 588 227 661 πτῶμα
248 579 476 664 κατήχθησαν,
503 576 559 643 καλ
586 574 665 643 οὐδὲ
692 576 789 660 γένος
813 581 852 644 τὸ
880 577 913 657 ἐξ
942 577 1053 644 αὐτῶν
1076 579 1132 644 ότι

76 685 156 768 3μῆ
183 685 266 750 κατὰ
293 695 452 767 γυναῖκας
479 687 527 749 ἔτι
557 687 710 750 λείπεται.
756 686 793 750 τὸ
821 682 852 750 δ’
884 687 966 762 ἔθος
993 687 1041 762 είς
1067 687 1132 752 τὸν

85 788 145 868 σέξ
175 790 277 876 ἀρχῆς
306 794 432 876 κόσμον
463 790 481 856 6
510 790 650 867 τούτους
682 791 838 856 καθελὼν
868 789 952 876 ἀνὴρ
985 790 1133 857 ἀποκατ-

111 895 234 982 έστησε.
284 896 360 981 παρ’
386 895 525 982 Ἕλλησι
559 894 589 962 δ’
622 895 683 982 οὐχ
711 896 816 974 οὕτως
843 896 945 974 ἐνίοις
972 897 991 963 6
1023 901 1200 982 νόμοςιτοσ

111 1005 188 1089 ἔχει,
216 1003 299 1068 ἀλλά
322 1006 400 1080 τοὺς
423 1002 459 1069 ἐκ
484 1004 661 1087 τυράννων
683 1001 884 1088 γενομένους
906 1004 942 1068 oc
961 1000 1024 1087 μὲν
1047 1020 1131 1070 συν-

111 1113 375 1176 αποκτίννυσθαι
403 1120 472 1187 τοῖς
499 1109 642 1195 πατράσι
665 1111 868 1194 δικαιοῦσιν,
896 1110 932 1176 οί
952 1108 981 1175 δ’
1010 1108 1130 1196 ἀειφυ-

110 1219 167 1304 γίᾳ
194 1217 406 1301 κολάζουσιν,
437 1217 547 1303 ὥσπερ
575 1216 636 1281 οὐκ
665 1214 882 1303 ἐνδεχομένης
907 1225 966 1300 τῆς
993 1218 1131 1301 φάσεως

71 1346 98 1384 10
110 1326 275 1408 χρηστοὺς
301 1324 423 1399 παῖδας
449 1321 486 1388 ἐκ
516 1332 673 1409 πονηρῶν
704 1321 858 1405 πατέρων
887 1322 908 1407 ῆ
940 1326 1064 1400 κακοὺς
1094 1322 1128 1402 ἐξ

110 1429 250 1513 ἀγαθῶν
272 1426 440 1511 γενέσθαι.
485 1424 558 1493 ἀλλ’
578 1423 663 1514 ὑπὲρ
682 1423 743 1512 μὲν
764 1428 891 1493 τούτων
914 1433 978 1493 εἴτε
1001 1428 1020 1494 6
1043 1427 1125 1514 παρ’

100 1534 262 1620 Ἕλλησιν
284 1533 430 1618 ἀμείνων
452 1536 556 1618 νόμος
577 1540 643 1599 εἴτε
665 1535 703 1599 τὸ
726 1530 896 1617 Ῥωμαίων
917 1536 997 1611 ἔθος
1018 1547 1128 1622 κρεῖτ-

109 1666 184 1726 τον,
211 1641 331 1725 ἀφίημι
358 1649 403 1727 τῷ
430 1638 624 1730 βουλομένῳ
653 1651 801 1706 σκοπεῖν·
829 1640 979 1726 ἐπάνειμι
1007 1639 1039 1706 δ’
1071 1640 1128 1708 ἐπὶ

110 1748 150 1812 τά
174 1744 257 1831 ἑξῆς.

71 1875 97 1915 ιε
176 1852 325 1918 LXXXI.
366 1854 461 1918 Μετὰ
488 1854 552 1936 γάρ
579 1854 639 1918 τὸν
659 1861 721 1918 τοῦ
744 1854 896 1919 Κασσίου
918 1853 1069 1920 θάνατον
1093 1855 1132 1921 ολ

110 1957 173 2046 μὲν
196 1958 394 2038 αὐξάνοντες
420 1962 482 2044 τῆν
505 1958 759 2045 ἀριστοκρατίαν
786 1960 993 2046 θρασύτεροί
1012 1959 1129 2027 τεκαὶ

110 2067 410 2153 ὑπεροπτικώτεροι
432 2076 499 2131 τῶν
523 2067 711 2149 δημοτικῶν
734 2064 945 2146 ἐγεγόνεσαν·
973 2066 1010 2132 σί
1031 2060 1061 2131 δ’
1089 2067 1128 2133 ἐν

110 2173 235 2259 ἀφανεῖ
253 2181 313 2257 τῆς
335 2171 434 2257 δόξης
456 2174 636 2257 φερόμενοι
654 2169 709 2237 καλ
727 2175 806 2255 βίον
824 2173 872 2249 είς
889 2173 1027 2238 ταπεινὰ
1046 2189 1130 2239 συν-

110 2281 310 2365 εστάλησαν,
340 2277 395 2344 καὶ
418 2279 464 2356 ὡς
486 2280 623 2362 ἀριστον
646 2277 891 2354 ἀπολωλεκότες
912 2279 1046 2363 φύλακα
1068 2289 1130 2366 τῆς

71 2406 98 2446 ιο
111 2388 289 2471 δημοτικῆς
311 2385 445 2471 μερίδος
467 2386 595 2469 πολλὴν
614 2386 733 2451 ἄνοιαν
751 2381 880 2450 ἑαυτῶν
899 2382 953 2450 ε’πλ
971 2392 1009 2469 τῆ
1028 2409 1129 2451 κατα-

111 2493 187 2578 δίκη
205 2496 421 2578 κατηγόρουν.
457 2491 579 2557 τούτου
598 2488 629 2556 δ’
650 2497 759 2556 αίτιον
777 2485 831 2574 ῆν,
855 2491 905 2556 ὅτι
921 2491 964 2555 τδι
982 2489 1129 2569 δόξαντα

109 2607 149 2685 τῆ
173 2603 278 2684 βουλῆ
297 2596 373 2683 περὶ
390 2606 450 2681 τῆς
467 2599 666 2683 κληρουχίας
683 2595 745 2662 οὐκ
762 2598 923 2679 ἔπραττον
941 2597 978 2661 oc
993 2597 1197 2684 ὕπατοι,1ἰοε

111 2703 190 2771 δέον
212 2704 334 2780 αὐτοὺς
356 2704 482 2788 ἀνδρας
503 2699 531 2768 τ’
555 2701 726 2781 ἀποδείξαι
749 2701 828 2768 δέκα
848 2705 927 2780 τοὺς
948 2702 1129 2788 ὁριοῦντας

109 2813 171 2896 τῆν
194 2819 259 2895 γῆν
276 2808 332 2875 καλ
355 2810 492 2894 γνώμην
510 2811 753 2893 είσηγῆσασθαι
770 2811 878 2892 πόσην
895 2805 924 2873 τ’
947 2809 1051 2894 αὐτῆς
1070 2808 1128 2876 καὶ

72 2900 178 3014 Ξτίσι
201 2912 312 3000 δεῆσει
334 2921 530 2999 νεμηθῆναι.
577 2911 744 3000 συνῆεσάν
765 2937 801 2979 τε
823 2912 942 2980 πολλοὶ
963 2916 1047 2980 κατά
1067 2905 1128 2983 σν-

111 3023 258 3110 στροφδις
283 3019 359 3107 περὶ
386 3030 445 3104 τῆς
466 3020 592 3105 ἀπάτης
619 3018 772 3086 ἑκάστοτε
795 3022 1044 3106 διαλεγόμενοι,
1070 3022 1128 3089 καλ

182 3186 197 3234 2
217 3198 247 3233 τε
267 3178 289 3233 0
307 3175 375 3240 τέως
393 3174 497 3232 Reiske
552 3184 567 3232 3
586 3175 718 3247 ἤχθησαν
735 3177 758 3232 Ο
777 3160 963 3247 κατήχθησαν
982 3192 1005 3233 ο.
1020 3175 1127 3234 Reiske

110 3248 328 3320 κατηνέχθησαν
347 3265 370 3304 ο.
390 3249 480 3304 Cobet
498 3247 563 3302 obs.
583 3266 611 3317 p.
632 3255 679 3302 171
774 3255 806 3304 17
826 3243 857 3303 ἐν
880 3249 993 3316 ἀφανεῖ
1005 3268 1035 3303 τε
1055 3248 1106 3316 δόξ

111 3321 263 3391 φερόμενοι
286 3320 334 3376 καὶ
358 3320 421 3394 βίου
439 3320 492 3374 AB
521 3314 552 3373 ἐν
575 3319 603 3374 ἀ.
620 3326 655 3390 τῆ
678 3318 747 3443 δόξχ
774 3339 804 3388 φ.
830 3319 879 3373 καλ
898 3318 1000 3391 βίουΟ
1030 3322 1081 3392 βίον

111 3409 180 3446 corr.
198 3391 342 3462 Kiessling
361 3392 429 3464 βίων
453 3407 475 3445 c.
492 3390 664 3459 Grasberger
680 3390 732 3444 Phi
746 3390 846 3460 ologus
865 3396 899 3444 28
917 3391 1009 3460 (1869)
1051 3374 1126 3448 ,647

111 3480 169 3531 eqs.
188 3462 223 3520 ef.
239 3461 362 3516 Sintenis
381 3462 442 3516 Em.
462 3460 543 3517 Dion.
561 3461 649 3516 11125
722 3467 755 3516 21
774 3463 997 3531 κατεγίγνωσκον
1052 3478 1090 3516 ου
