2424 3848
510 197 678 250 -Θ-
1034 195 1100 260 379

84 366 167 438 λεως
190 357 382 447 ἐπεχείρουν
405 365 584 424 ποιεῖσθαι.
621 356 801 443 γενομένης
826 355 863 424 δλ
886 362 956 435 τοίς
974 353 1100 423 Ἀντιά-

83 491 155 544 ταις
177 466 333 550 γνώσεως
355 468 561 549 κωλυόμενοι
584 467 667 549 πρὸς
685 465 795 531 αὐτῶν
813 462 945 531 ἀπιέναι
964 465 1101 548 γνώμην

85 572 260 639 ἐποιοῦντο
297 572 507 657 παραδοῦναι
534 567 705 654 Ῥωμαίοις
737 569 868 636 ἐπιοῦσι
898 571 961 654 την
991 572 1100 636 πόλιν.

83 688 183 746 τοῦτο
207 681 372 763 μαθόντες
395 676 431 742 έκ
454 678 626 761 μηνύσεως
644 678 679 743 οί
692 674 857 742 Ἀντιᾶται
875 685 921 764 τῷ
941 701 976 742 τε
994 684 1099 764 καιρῷ
1115 679 1135 744 8

85 791 229 867 είκουσι,
255 782 430 868 καὶκοινῇ
453 779 522 866 μετ’
550 781 687 848 ἐκείνων
710 781 973 866 βουλευσόμενοι
995 803 1099 870 παρα·
1127 804 1140 846 ε

86 892 218 955 διδόασι
245 899 291 978 τῷ
315 892 461 978 Κοιντίῳ
488 890 550 973 τὴν
575 891 690 972 πόλιν,
718 884 769 974 ἐφ’
797 881 823 976 ᾧ
847 889 1016 966 Αίκανούς
1039 885 1100 973 μέν

84 996 319 1073 ὑποσπόνδους
350 995 527 1080 ἀπελθεῖν,
554 992 725 1072 Ἀντιάτας
757 989 795 1059 δέ
826 994 980 1082 φρουράν
1008 992 1101 1072 δέξα-

86 1110 168 1168 σθαι
186 1098 242 1168 καλ
259 1104 299 1168 τά
318 1105 522 1186 κελευόμενα·
536 1101 601 1166 ὑπὸ
616 1099 785 1184 Ῥωμαίων
803 1111 921 1166 ποιεῖν.
954 1098 1008 1165 ἐπὶ
1025 1101 1101 1166 τού-

86 1232 157 1286 τοις
174 1210 289 1294 κύριος
307 1212 484 1293 γενόμενος
502 1217 560 1293 τῆς
577 1210 704 1284 πόλεως
721 1208 739 1273 ὁ
758 1206 892 1291 ύπατος,
915 1204 971 1271 καὶ
989 1207 1101 1290 λαβὼν

34 1315 216 1394 οοεόιβώνιά
239 1338 273 1379 τε
291 1312 347 1379 καλ
364 1309 478 1399 τάλλα,
501 1315 591 1379 όσων
609 1314 677 1378 ἔδει
696 1321 735 1398 τῇ
754 1320 899 1399 στρατιᾷ,
922 1310 978 1377 καὶ
996 1335 1101 1398 φρου-
1115 1336 1142 1376 ιο

88 1423 151 1503 ράυ
175 1420 426 1505 ἐγκαταστήσας,
449 1420 554 1505 ἀπῆγε
572 1421 633 1504 την
653 1421 811 1502 δύναμιν·
835 1415 913 1483 ἀνθ’
932 1413 980 1484 ὧν
998 1418 1101 1484 αύτὸν

88 1527 107 1611 ἡ
127 1528 231 1612 βουλὴ
250 1527 430 1611 ὑπαντήσει
449 1551 484 1592 τε
502 1527 732 1615 φιλανθρώπῳ
747 1523 891 1609 ἐδέξατο,
909 1523 965 1590 καὶ
978 1525 1101 1612 θριάμ-

87 1638 150 1718 βου
173 1643 285 1719 πομπῇ
309 1633 471 1718 ἐτίμησεν.

153 1738 293 1805 LVIIII.
322 1735 379 1804 Ἐν
407 1735 444 1803 δὲ
471 1747 516 1827 τῷ
545 1740 625 1824 μετά
648 1739 787 1816 τούτους
809 1741 874 1803 έτει
897 1738 1016 1804 ὕπατοι
1040 1733 1101 1822 μὲν

86 1840 173 1930 ἦσαν
200 1843 351 1932 Τιβέριος
368 1848 524 1930 Αἰμίλιος
545 1848 583 1912 τὸ
608 1847 765 1932 δεύτερον
788 1844 843 1911 καὶ
864 1847 1007 1922 Κόιντος
1032 1845 1101 1909 Φά-
1116 1864 1141 1905 ιε

87 1955 176 2036 βιος,
204 1948 278 2026 ἑνὸς
303 1960 371 2016 τῶν
397 1961 498 2037 τριῶν
522 1949 676 2036 ἀδελφῶν
699 1951 772 2027 υίὸς
793 1961 861 2015 τῶν
883 1947 1103 2035 ἡγησαμένων

87 2080 122 2122 τε
150 2065 208 2139 τῆς
232 2055 471 2141 ἀποσταλείσης
492 2065 642 2143 φρουρᾶς
664 2058 712 2132 είς
734 2053 926 2142 Κρεμέραν,
952 2054 1008 2120 καὶ
1031 2057 1103 2119 δια-

89 2159 290 2248 φθαρέντων
318 2160 387 2226 ἐκεῖ
413 2164 478 2227 σὺν
500 2172 571 2238 τοῖς
592 2160 754 2237 πελάταις.
799 2159 820 2243 η
845 2156 882 2225 δὲ
904 2162 1010 2245 βουλὴ
1034 2170 1102 2226 τῶν

89 2269 268 2354 δημάρχων
291 2268 541 2334 ἀνακινούντων
563 2266 664 2332 πόλιν
686 2269 723 2332 τὸ
747 2271 877 2350 πλῆθος
895 2265 949 2332 ἐπὶ
967 2275 1007 2353 τῇ
1025 2272 1103 2351 κλη-

90 2377 224 2462 ρουχία,
257 2370 313 2439 καλ
347 2372 658 2459 συναγωνιζομένου
689 2368 835 2459 θατέρου
867 2383 934 2437 τῶν
965 2373 1103 2439 ύπάτων
1116 2392 1143 2432 εο

90 2480 203 2557 αὐτοῖς
222 2481 382 2564 Αίμιλίου
406 2482 514 2563 δόγμα
537 2479 736 2565 ἐπεκύρωσε,
758 2480 968 2564 θεραπεῦσαί
983 2501 1019 2543 τε
1048 2477 1103 2544 καλ

90 2586 269 2671 ἀναλαβεῖν
305 2589 384 2664 τοὺς
414 2583 556 2670 πένητας
586 2582 793 2670 βουλομένη,
830 2585 1001 2669 διανεῖμαί
1028 2608 1103 2650 τινα

89 2704 209 2780 μοῖραν
232 2694 344 2770 αὐτοῖς
363 2692 399 2758 ἐκ
417 2701 475 2777 της
488 2689 667 2758 Ἀντιατῶν
685 2693 804 2777 χώρας,
827 2690 870 2775 ἣν
887 2699 932 2778 τῷ
952 2688 1103 2780 προτέρῳ

89 2801 153 2864 ἐτει
177 2800 291 2886 δόρατι
315 2797 445 2876 ἑλόντες
467 2796 633 2882 κατέσχον.
679 2794 735 2863 καὶ
758 2795 1005 2884 ἀπεδείχθησαν
1028 2795 1138 2879 τηρεε-2

89 2907 188 2990 μόνες
209 2912 268 2988 τῆς
290 2907 488 2990 κληρουχίας
514 2906 610 2981 Τίτος
632 2906 790 2981 Κοίντιος
812 2907 1053 2986 Καπιτωλῖνος,
1076 2895 1144 2990 ᾦεε

37 3009 277 3098 909παρέδοσαν
292 3007 457 3075 Ἀντιᾶται
481 3019 566 3096 σφᾶς
588 3010 724 3094 αὐτούς,
744 3007 800 3074 καὶ
825 3012 889 3075 σὺν
911 3008 999 3096 αὐτῷ
1017 3009 1105 3074 Λεύ-

161 3245 176 3292 2
196 3237 371 3308 κωλυόμενοί
385 3256 415 3292 τε
434 3238 503 3307 πρὸς
522 3239 546 3290 Δ
618 3243 635 3290 3
653 3235 705 3304 τὴν
723 3235 805 3291 πόλιν
824 3253 878 3291 om.
894 3235 941 3288 Ba
1013 3241 1029 3290 8
1048 3234 1104 3288 ὑπὸ

85 3309 228 3381 Ῥωμαίων
252 3309 402 3364 delendum
425 3324 485 3363 esse
509 3309 604 3362 censet
621 3306 766 3376 Kiessling
838 3314 871 3361 12
895 3306 1105 3375 φιλανθρώπως

89 3381 113 3434 Β
223 3388 255 3436 17
281 3378 411 3451 Κρέμερα
434 3378 513 3434 ABc
626 3384 659 3432 22
687 3376 857 3451 βουλομένης
879 3377 905 3430 Α
1012 3381 1046 3431 23
1073 3371 1105 3430 ἐκ

90 3450 181 3525 (τῆς)
200 3451 222 3505 Β
