2424 3848
539 171 705 223 ..Θ-

115 339 207 423 μόνςο
231 331 433 416 δυνηθέντες
456 332 498 397 δν
521 334 604 416 πρὸς
625 333 683 408 τὰς
704 330 863 415 ἡμετέρας
881 335 1004 416 τόλμας
1021 354 1057 397 τε
1076 331 1133 397 καλ

116 441 283 524 ἐμπειρίας
312 437 462 524 ἀντέχειν
489 437 727 522 ἀπεστερήκασι
754 446 811 521 τῆς
837 441 942 521 μόνης
969 436 1133 522 ώφελείας

116 545 254 622 ἑαυτοὺς
277 544 552 621 ἀπαναλώσαντες
574 546 611 609 τὸ
629 549 745 615 πλείου
764 552 821 628 τῆς
841 544 1013 627 δυνάμεως
1031 543 1134 631 μέρος

80 656 162 730 8είς
189 653 246 733 τὰς
272 662 339 716 τῶν
368 655 542 736 φρουρίων
569 650 728 734 φυλακοίς.
775 653 885 715 ἔπειτα
908 647 987 715 δέον
1010 651 1134 728 αὐτοὺς

89 761 179 823 εσὺν
207 757 361 844 εὐλαβείᾳ
389 755 443 822 καὶ
471 763 618 843 λογισμῷ
648 758 798 842 σώφρονι
820 756 976 843 πράττειν
1000 757 1133 840 ἕκαστα,

117 863 402 948 ἐνθυμουμένους,
425 865 508 948 πρὸς
531 865 624 940 οἴους
646 864 772 947 ἄνδρας
796 866 864 944 [καλ
883 867 968 928 πολὺ
988 862 1133 947 ἀλκιμω-

116 969 232 1055 τέρους
254 970 378 1051 αὐτῶν]
409 971 426 1036 ὁ
450 971 609 1046 κίνδυνος
631 956 743 1052 ἔσται,
765 967 918 1055 θρασέως
940 968 995 1034 καὶ
1019 968 1133 1056 ἀπερι-

117 1075 262 1153 σκέπτως
285 1074 338 1141 ἐπὶ
355 1079 415 1141 τὸν
434 1075 547 1158 ἀγῶνα
566 1085 744 1160 χωροῦσιν,
768 1075 812 1152 ώς
830 1076 954 1162 ἄμαχοί
969 1098 1058 1152 τινες
1077 1074 1133 1140 καλ

50 1176 52 1180 ’
116 1183 161 1259 ώς
178 1181 272 1267 ἡμῶν
290 1185 586 1266 καταπεπληγότων
605 1181 736 1257 αὐτούς.
769 1183 806 1247 αί
821 1191 905 1265 γοῦν
923 1181 1133 1266 ἀποταφρεύ-

77 1312 102 1351 10
117 1305 185 1366 σεις
207 1291 262 1354 καὶ
286 1290 323 1353 αί
343 1287 438 1374 μέχρι
461 1299 520 1353 τοῦ
543 1288 686 1373 χάρακος
707 1286 802 1372 ἡμῶν
820 1290 1059 1365 καθιππεύσεις
1076 1287 1133 1353 καὶ

116 1396 156 1460 τδι
179 1396 284 1461 πολλὰ
308 1394 345 1459 έν
369 1397 480 1476 λόγοις
498 1417 532 1459 τε
551 1392 606 1458 καὶ
625 1397 734 1479 ἔργοις
751 1394 937 1480 ὑβρίσματα
955 1404 1054 1460 τοῦτο
1074 1395 1133 1459 δώ-

81 1506 221 1569 9ναται.
266 1501 370 1565 ταῦτά
397 1524 431 1565 τε
455 1500 496 1583 δὴ
521 1499 769 1584 ἐνθυμούμενοι
791 1499 846 1565 καὶ
869 1512 937 1566 τῶν
959 1498 1201 1586 προτέρωνιιοκ

37 1606 40 1612 ’
117 1605 257 1691 ἀγώνων
280 1605 483 1692 μεμνημένοι
505 1611 639 1672 πολλῶν
663 1609 770 1672 όντων
794 1605 849 1671 καὶ
871 1612 994 1690 καλῶν,
1020 1606 1057 1672 έν
1081 1599 1132 1685 οἷς

11 1749 14 1754 -
117 1712 239 1788 αὐτοὺς
262 1712 401 1798 ἐνικᾶτε,
422 1726 557 1800 χωρεῖτε
580 1715 660 1797 μετὰ
678 1717 869 1797 προθυμίας
887 1712 942 1779 καλ
961 1713 1014 1778 έπλ
1031 1716 1131 1779 τόνδε

78 1840 103 1880 ιε
117 1820 176 1883 τὸν
199 1817 324 1901 ιἰγώνα·
348 1818 403 1885 καὶ
426 1820 463 1885 έν
486 1814 512 1909 ᾧ
537 1819 579 1885 δν
602 1820 697 1904 ὑμῶν
720 1819 856 1896 ἕκαστος
877 1824 987 1909 χωρίςο
1011 1826 1133 1904 ταχθῇ,

117 1922 212 1990 τοῦθ’
241 1926 433 2010 ὑπολαβέτω
462 1925 517 1992 καλ
541 1922 634 1992 οἷκον
657 1921 743 1992 εἶναι
766 1924 822 1991 καὶ
845 1932 969 2012 κλῆρον
993 1923 1048 1990 καὶ
1071 1947 1133 1991 πα-

117 2033 227 2115 τρίδα·
256 2031 311 2097 καλ
335 2032 352 2096 ὅ
376 2056 410 2098 τε
439 2035 551 2111 σώζων
580 2035 639 2098 τὸν
666 2033 879 2118 παραστάτην
903 2031 1007 2120 ἑαυτῷ
1031 2034 1133 2118 πρώτ-

117 2162 185 2203 τειν
208 2138 269 2221 τὴν
293 2144 458 2223 σωτηρίαν
481 2137 686 2222 ὑπολαβέτω,
708 2137 763 2203 καλ
786 2139 804 2204 δ
828 2138 1055 2223 έγκαταλιτιών
1073 2142 1134 2204 τὸν

118 2244 218 2322 πέλας
241 2243 359 2310 ἑαυτὸν
382 2245 529 2329 ἡγείσθω
553 2256 623 2322 τοῖς
640 2250 810 2329 πολεμίοις
827 2245 1035 2331 προδιδόναι.
1073 2246 1135 2329 μώ-

80 2370 105 2410 ιο
120 2357 214 2416 λιστα
233 2348 264 2415 δ’
283 2350 389 2417 έκεῖνο
409 2358 597 2436 μεμνῆσθαι
616 2360 794 2436 προσῆκεν,
813 2352 864 2415 ὅτι
882 2354 1054 2434 μενόντων
1073 2347 1137 2434 μέν

118 2457 253 2543 ἀνδρῶν
277 2455 333 2522 καὶ
356 2455 553 2543 μαχομένων
576 2456 692 2540 ὀλίγον
714 2459 752 2522 τὸ
777 2455 1008 2541 ἀπολλύμενόν
1032 2455 1136 2539 ἐστιν,

119 2563 343 2647 ἐγκλινάντων
376 2560 413 2628 δὲ
444 2561 499 2627 καὶ
529 2566 724 2647 φευγόντων
751 2564 871 2648 κομιδῇ
900 2564 1006 2646 βραχὺ
1035 2565 1137 2639 σωζό-

119 2694 230 2755 μενον.

186 2776 224 2840 Χ.
246 2775 318 2841 Ἔτι
342 2773 371 2841 δ’
396 2775 500 2840 αὑτοῦ
523 2773 677 2857 λέγοντος
699 2775 739 2839 τὰ
758 2777 805 2851 είς
823 2776 860 2839 τὸ
879 2783 1036 2857 γενναῖον
1057 2773 1202 2841 ἐπα-1763

119 3023 120 3026 ’
192 3011 207 3057 6
231 3003 302 3056 πολὺ
320 3018 374 3055 om.
395 3001 417 3056 Ο
436 3003 549 3071 praeter
568 3000 591 3053 B
613 3001 662 3055 καὶ
681 3003 752 3056 πολὺ
771 3017 825 3054 om.
845 2999 865 3053 Ο
884 3001 970 3054 verba
993 2999 1043 3053 καλ
1062 3002 1135 3054 πολὺ

119 3072 323 3144 ἀλκιμωτέρους
341 3073 433 3127 αὑτῶν
457 3073 510 3127 del.
531 3071 631 3125 (λοιπον
655 3071 720 3126 obs.
743 3090 770 3140 p.
790 3078 824 3125 33
932 3075 948 3124 8
973 3068 1079 3140 ἄμαχοι
1098 3073 1134 3139 δή
1156 3097 1160 3105 ·

119 3165 193 3208 τινες
216 3144 238 3198 Ο
262 3143 416 3214 ριαοδοτΒ
489 3149 504 3196 9
528 3142 837 3216 όιπο<ταφρεὺτ>ειςΒ
912 3147 943 3195 11
968 3139 1060 3211 ἔργοις
1079 3158 1134 3196 om.

119 3219 144 3269 A
161 3222 165 3284 Ι
181 3235 211 3270 τε
230 3215 325 3272 om.B
385 3222 418 3269 13
439 3214 527 3269 όντων
546 3213 761 3282 om.A{verba
779 3212 828 3267 καλ
846 3220 901 3266 τῶν
920 3231 966 3282 πρ.
981 3212 1008 3266 ἀ.
1028 3231 1136 3282 μεμνη-

120 3285 200 3356 μένοι
218 3304 272 3342 om.
292 3287 338 3339 Ba
398 3282 866 3353 175τισώζωνΒεὸγεσ.ΑΟ
928 3281 1136 3337 18δοιιι.Βε,

121 3364 155 3410 ‘20
178 3366 319 3426 προσῆκεν
339 3358 363 3409 Α
387 3357 522 3427 προσήκει
539 3356 566 3409 R
661 3362 694 3410 21
720 3355 1000 3425 ἀνδρῶνλόινδρείως
1018 3353 1065 3408 vol
1083 3354 1136 3407 ἀν-

121 3429 233 3495 δρωδῶς
252 3445 274 3482 ο.
294 3427 398 3482 Reieke
