2424 3848
493 195 660 248 ,Θ-

69 359 149 432 τοὺς
180 353 422 439 ποιησομένους
450 356 511 438 τὴν
540 366 607 420 τῶν
636 357 768 442 κλήρων
799 358 970 442 διανομήν.
1023 359 1119 424 τοῦ4

71 459 109 528 δὲ
137 463 181 546 μὴ
205 473 272 526 τῶν
295 463 406 527 άλλων
428 463 519 538 τινάς
541 461 676 527 ὑπάτων
698 463 792 545 άγειν
815 461 867 529 ἐπὶ
890 464 951 547 την
975 465 1083 548 δίκην,

71 569 201 633 δώδεκα
234 565 422 652 γενομένων
454 579 520 632 τῶν
552 567 670 651 μεταξὺ
702 567 860 654 ἀρχείων,
892 566 948 654 ἀφ’
978 564 1018 634 οὗ
1044 572 1082 635 τὸ

69 675 305 760 προβούλευμα
338 674 480 759 ἐγράφη,
512 675 648 752 τούτους
681 670 718 739 δέ
747 673 976 760 προβαλέσθαι
1005 678 1083 752 τοὺς

70 782 195 866 ἄνδρας
222 784 346 864 μόνους
371 788 430 863 τῆς
456 784 658 865 ψευσθείσης
680 779 904 866 ὑποσχέσεως,
931 781 1082 859 ἐπιεικεῖς
1109 805 1122 846 τ

71 891 200 972 ἔφερεν·
221 889 341 964 αἰτίας·
382 884 438 952 καὶ
469 891 631 952 τελευτῶν
663 889 726 973 ἔφη
764 889 873 971 μόνως
904 887 947 954 άν
979 888 1083 965 οὕτως

70 993 324 1078 ἀναγκασθῆναι
342 996 419 1070 τοὺς
439 992 475 1057 ἐν
491 991 575 1078 ἀρχῇ
588 991 653 1058 τότ’
672 995 770 1071 ὄντας
783 993 929 1069 ὑπάτους
942 998 1082 1079 κληρου-

69 1108 167 1184 χῆσαι
185 1101 246 1181 τὴν
264 1107 339 1182 γῆν,
358 1097 417 1164 ἐὰν
436 1095 567 1184 ἑτέρους
585 1100 677 1176 τινάς
697 1100 794 1164 ίδωσι
813 1101 910 1184 δίκην
923 1108 968 1188 τῷ
989 1100 1082 1189 δήμφ

72 1206 237 1289 διδόντας,
260 1204 524 1290 ἐνθυμηθέντας,
547 1205 597 1271 ὅτι
618 1204 673 1270 καὶ
692 1209 807 1291 σφίσιν
826 1205 940 1284 αὐτοῖς
958 1208 1083 1290 συμβη-

71 1327 161 1376 σεται
184 1310 283 1376 ταύτὸ
306 1318 438 1377 παθεῖν.
1097 1334 1124 1374 ιο

139 1416 323 1482 XXXVIII.
365 1415 463 1483 Ταῦτ’
485 1419 588 1483 είπὼν
609 1414 665 1483 καὶ
687 1414 915 1503 παρακαλέσας
937 1420 1083 1496 ἅπαντας

71 1524 165 1607 ἥκειν
189 1520 242 1588 ἐπὶ
264 1525 326 1608 τὴν
350 1526 458 1608 δίκην,
480 1522 558 1589 καθ’
582 1525 681 1608 ἱερῶν
702 1522 731 1589 τ’
754 1523 877 1608 ὀμόσας
899 1520 919 1608 ἦ
943 1526 1009 1610 μὴν
1028 1525 1083 1611 ἐμ-

72 1628 185 1714 μένειν
211 1641 281 1708 τοῖς
308 1627 528 1716 ἐγνωσμένοις
552 1628 606 1695 καὶ
628 1631 716 1717 πάση
738 1635 913 1719 προθυμία
936 1643 1002 1697 τῶν
1025 1631 1083 1697 άν-

20 1738 164 1822 Βλῖδρῶν
190 1748 401 1824 κατηγορεῖν,
428 1736 554 1823 ἡμέραν
580 1749 754 1824 προεῖπεν,
782 1738 820 1804 ἐν
848 1732 868 1824 ᾗ
894 1740 956 1823 τὴν
984 1741 1082 1823 δίκην

71 1845 207 1926 ἔμελλεν
234 1842 442 1909 ἐπιτελέσειν.
489 1847 566 1921 τοὺς
592 1841 631 1910 δὲ
652 1848 860 1931 πατρικίους,
887 1846 931 1923 ὡς
954 1848 1083 1930 ἔμαθον
1098 1865 1123 1907 15

70 1958 189 2033 ταῦτα,
221 1953 306 2015 πολὺ
339 1948 414 2027 δέος
445 1949 625 2037 εἰσέρχεται
656 1950 711 2016 καὶ
743 1955 896 2038 φροντίς,
927 1951 992 2039 ότφ
1020 1955 1081 2037 χρὴ

71 2059 182 2141 τρόπῳ
209 2057 287 2132 τούς
311 2053 339 2122 τ’
365 2058 489 2141 ἄνδρας
512 2057 716 2122 ἐκλύσασθαι
738 2067 796 2142 τῆς
818 2059 924 2132 αἰτίας
945 2054 1000 2121 καλ
1022 2066 1082 2122 τοῦ

71 2162 274 2244 δημαγωγοῦ
296 2163 333 2226 τὸ
356 2162 484 2247 θράσος
507 2161 662 2247 ἐπισχεῖν.
703 2159 759 2227 καὶ
782 2163 835 2246 δὴ.
848 2159 1000 2226 ἐδέδοκτο
1024 2161 1082 2227 αύ-

70 2278 155 2350 τοῖς,
184 2273 219 2331 εί
240 2291 272 2332 τι
298 2272 481 2354 ψηφίσαιτο
507 2270 589 2335 κατδι
615 2278 672 2353 τῆς
694 2267 795 2354 ἀρχῆς
816 2278 884 2332 τῶν
905 2267 1040 2333 ὑπάτων
1064 2268 1081 2333 ὁ

71 2375 191 2458 δῆμος,
217 2376 262 2458 μὴ
290 2371 476 2461 ἐπιτρέπειν
498 2374 587 2458 αὐτῷ
610 2375 752 2439 κατὰτὸ
775 2375 935 2460 καρτερὸν
957 2371 1080 2438 ένιστα·
1096 2393 1122 2434 ω

70 2479 191 2564 μένους
218 2476 272 2544 καὶ
299 2482 331 2544 εί
357 2477 428 2545 δέοι
455 2477 510 2544 καὶ
533 2481 580 2556 είς
603 2480 688 2545 ὅπλα
709 2487 907 2564 χωροῦντας.
953 2478 993 2544 ού
1016 2480 1118 2564 μὴν2

73 2583 190 2670 ἐδέησέ
206 2608 242 2669 γε
261 2597 329 2652 τῶν
347 2589 467 2670 βιαίων
486 2586 625 2663 οὐδενὸς
643 2586 755 2664 αὐτοῖς
772 2596 905 2670 ταχεῖαν
923 2589 1084 2669 λαβόντος

70 2702 130 2758 τοῦ
153 2693 314 2759 κινδύνου
338 2689 393 2757 καί
410 2691 600 2776 παράδοξον
618 2693 679 2776 τὴν
697 2693 808 2758 λύσιν·
832 2702 907 2778 μιᾶς
925 2694 988 2780 γάρ
1006 2692 1084 2779 ἡμέ-

69 2823 129 2884 ρας
153 2799 254 2881 ούσης
277 2800 325 2864 ἔτι
348 2804 465 2881 λοιπῆς
486 2806 526 2883 τῇ
549 2799 625 2885 δίκη
644 2800 760 2886 νεκρὸς
779 2800 938 2877 Γενύκιος
956 2797 1008 2864 ἐπὶ
1026 2809 1085 2884 τῆς

70 2903 191 2973 ἑαυτοῦ
213 2907 325 2989 κοίτης
347 2902 483 2990 εὑρέθη,
506 2916 643 2989 σημεῖον
667 2901 768 2970 ούδέν
791 2908 876 2991 ἔχων
899 2907 975 2972 ούτε
999 2923 1083 2991 σφα·
1096 2925 1123 2967 25

141 3102 157 3150 3
182 3093 251 3150 δέκα
270 3095 293 3148 Β
383 3100 401 3147 4
423 3094 634 3168 προβάλλεσθαι
651 3097 677 3150 Α
768 3104 782 3152 ’ῖ
806 3098 856 3152 ἀεί
870 3116 938 3152 ποτε
957 3096 1040 3158 ὄντας
1058 3114 1081 3150 0.

68 3166 172 3221 Rfeiske
237 3173 271 3221 10
289 3165 345 3221 *τὸ
364 3166 433 3220 αύτδ
452 3164 475 3219 Ο
494 3168 601 3222 correxi
663 3174 695 3222 12
714 3161 782 3238 ἦγεν
802 3167 824 3222 0
845 3166 924 3236 ἥκειν
943 3165 1080 3238 θγλθατςΙ

69 3233 103 3308 ἐμ
124 3243 199 3292 ενεῖν
218 3239 248 3292 et
265 3255 291 3292 v.
307 3243 342 3290 14
360 3235 562 3308 κατηγορήσειν
581 3254 603 3292 ο.
618 3237 762 3308 Kiessling
831 3244 863 3294 13
882 3236 986 3306 καὶμὴ
1005 3235 1062 3290 πάσ

67 3258 122 3362 Ag
174 3313 208 3360 14
226 3307 334 3380 ἡμέραν
348 3327 378 3362 τε
395 3308 421 3362 Α
477 3314 509 3362 19
527 3308 770 3434 ψηφίσῖριρ>τοΒ
824 3315 859 3363 23
877 3305 1044 3378 παραδόξων
1056 3257 1088 3361 ά

69 3385 103 3433 24
126 3386 175 3447 τῆς
198 3375 279 3448 δίκης
302 3378 324 3433 0
350 3378 405 3450 πρὸ
424 3386 472 3448 τῆς
491 3379 571 3448 δίκης
590 3395 613 3435 ο.
641 3448 644 3453 Ι
674 3379 737 3434 lske
760 3387 793 3450 τῇ
813 3380 878 3451 δίκη
897 3395 920 3432 ο.
938 3377 1083 3447 Kiessling

69 3456 103 3506 25
123 3456 233 3519 σφαγῆς
252 3447 311 3505 οὔτ’
332 3466 386 3506 om.
404 3452 430 3503 A
