2424 3848
86 185 131 249 44
512 187 674 237 -z-

86 356 251 434 ποροῦσιν
280 345 349 413 ἐκεῖ
372 357 440 412 τῶν
468 345 674 431 ἐπιτηδείων·
709 346 744 413 οί
770 342 800 410 δ’
822 343 945 412 ἐνθάδε
967 328 1106 429 ὑπομεί-

86 477 204 531 ναντες
230 448 329 537 ἧττον
357 455 550 532 σπανίζουσι
577 461 634 537 τῆς
661 451 795 538 ἀγοράς·
831 452 853 534 ἥ
880 448 910 516 τ’
936 454 1108 537 ἰσομοιρία

88 568 146 644 τῆς
168 561 279 647 τύχηχ
301 555 341 644 ἧς
362 557 562 645 μετέσχομεν
584 559 665 644 ὑμῖν
688 571 758 635 τοῖς
780 560 970 642 δημοτικοῖς
992 556 1029 623 ολ
1044 579 1108 623 πα-

90 669 210 752 τρίκιοι
232 669 344 756 κλήρῳ
366 667 584 751 ποιησάμενοι
606 667 667 750 τὴν
691 665 823 750 ἔξοδον,
845 664 887 731 οὐ
909 663 1054 747 ῦέγεται.

63 794 98 834 ι4
156 772 329 838 XXVIIII.
375 776 418 837 Τί
448 767 510 838 οὖν
542 775 709 849 παθόντες
740 773 775 838 οί
805 767 998 856 δημαγωγοὶ
1029 768 1109 856 περὶ

85 879 218 944 τούτων
240 879 321 963 ἡμῖν
344 877 552 962 ἐγκαλοῦσιν,
576 873 624 944 ὧν
647 879 761 956 κοινάς
784 880 922 964 ἔσχομεν
945 867 1002 955 τάς
1020 878 1107 961 γνώ-

68 965 153 1069 ’μας
171 983 227 1050 καὶ
244 985 302 1063 τάς
319 986 430 1071 τύχας,
453 991 517 1050 είτε
537 986 658 1051 δεινῶν
677 987 796 1067 όντων,
815 986 860 1062 ὡς
878 979 976 1050 οὗτοί
990 1001 1108 1069 φασιν,

56 1087 150 1162 2είτ’
178 1090 371 1176 ὠφελίμων,
399 1077 508 1177 ὥσπερ
535 1092 629 1176 ἡμεῖς
657 1088 804 1176 οἰόμεθ’;
837 1087 943 1174 ἀμδν
965 1090 1029 1176 γὰρ
1053 1088 1109 1155 ἐπὶ

89 1207 129 1284 τῇ
157 1194 276 1263 νεωστὶ
301 1201 408 1284 βουλῇ
437 1196 625 1284 [γενομένη]
655 1195 890 1282 διαβεβλήμεθ’
918 1193 973 1262 ὑπ’
997 1197 1109 1262 αὐτῶν

50 1328 77 1369 10
90 1306 135 1382 ὡς
157 1305 219 1371 οὐκ
240 1303 410 1383 ἀξιοῦντες
430 1303 602 1389 μετριάσαι
619 1302 695 1390 περὶ
712 1304 770 1380 τάς
787 1304 882 1387 τιμάς
899 1311 956 1387 τῆς
973 1301 1119 1389 ἀγορᾶς,

80 1411 137 1489 ’ὡς
168 1410 440 1495 ἐπιβουλεύοντες
471 1407 655 1495 ἀφελέσθαι
685 1410 747 1493 τὴν
775 1407 928 1487 ἐξουσίαν
955 1419 1022 1475 τῶν
1050 1410 1109 1494 δη-

91 1518 243 1603 μάρχων,
268 1517 312 1593 ὡς
335 1524 616 1600 μνησικακοῦντες
638 1515 719 1600 ὑμῖν
742 1527 799 1600 τῆς
821 1515 1032 1593 ἀποστάσεως
1053 1514 1111 1582 καὶ

90 1621 190 1689 παντὶ
222 1625 333 1711 τρόπῳ
364 1623 641 1707 προθυμούμενοι
672 1632 817 1687 κακῶσαι
848 1625 885 1688 τὸ
917 1623 1110 1708 δημοτικόν,

90 1726 147 1795 καὶ
177 1729 351 1810 πάντατδι
378 1726 501 1794 τοιαῦτ’
530 1725 715 1812 ἐγκλήματα
741 1730 851 1814 ἔργοις
878 1726 1105 1814 ἀπολυσόμεθ’

52 1856 78 1899 ιτ
92 1835 155 1901 οὐκ
181 1836 228 1911 είς
255 1834 384 1920 μακράν
412 1835 488 1899 οὔτε
515 1835 618 1900 κακὸν
646 1831 751 1900 οὐθέν
778 1830 874 1919 ὑμᾶς
890 1833 1111 1921 ἐργασάμενοι

92 1943 154 2025 τήν
172 1964 190 2006 τ
191 1938 375 2019 ’ἐξουσίαν
392 1950 460 2006 τῶν
479 1939 708 2026 δημάρχων,’
691 1964 733 2025 εφ
735 1931 812 2017 ὀἷς
829 1944 902 2007 τότε
922 1945 1111 2028 συνεχωρή-

93 2065 198 2132 σαμεν
221 2047 301 2132 ὑμῖν
324 2049 427 2132 ἔχειν,
454 2045 510 2112 καὶ
532 2056 596 2112 νῦν
618 2049 845 2130 βεβαιοῦντες,
871 2056 930 2112 τοῦ
953 2044 991 2113 δέ
1014 2052 1184 2115 mommo

32 2143 41 2161 Ι
92 2156 154 2238 τὴν
186 2154 412 2239 διάπρασιν“
395 2178 440 2231 ως
467 2153 510 2219 ἀν
536 2129 617 2238 ὑμῖν
644 2154 747 2219 ἀπασι
775 2152 855 2240 δόξη
882 2154 1111 2239 ποιησάμενοι.

93 2262 340 2346 περιμείναντες
372 2254 450 2344 οὖν,
483 2258 541 2325 ἐάν
569 2282 601 2324 τι
628 2261 673 2344 μὴ
700 2257 835 2345 γένηται
861 2260 1005 2344 τούτων,
1037 2265 1111 2329 τότε

54 2333 304 2452 ,ἱξκατηγορεῖτε
324 2365 425 2450 ἡμῶν.
458 2368 491 2431 εί
508 2362 729 2451 δέίβουληθε
725 2389 782 2449 ητε
801 2365 944 2453 ἀκριβῶς
963 2366 1112 2445 ἐξετάσαι

92 2474 133 2539 τὰ
166 2472 326 2558 διάφορα,
359 2473 566 2558 δικαιότερον
598 2472 640 2538 ἀν
672 2471 766 2558 ἡμεῖς
796 2473 832 2538 οί
856 2476 1022 2558 πατρίκιοι
1049 2485 1111 2542 τοῦ

94 2581 203 2665 δήμου
230 2581 508 2665 κατηγοροίημεν,
531 2577 556 2665 {I
585 2581 646 2663 τὴν
668 2580 796 2663 βουλὴν
818 2579 913 2664 ὑμεῖς
934 2581 1038 2665 ἔχοιτε
1063 2579 1108 2647 δι’

93 2689 208 2763 αίτίας.
258 2684 400 2750 ἀδικεῖτε
432 2685 495 2770 γὰρ
528 2684 628 2769 ἡμᾶς,
664 2680 690 2749 ὦ
723 2687 877 2769 δημόται,
913 2682 968 2750 καλ
1001 2683 1111 2770 μηθέν

94 2795 282 2882 ἀχθεσθῆτε
306 2791 496 2876 ἀκούοντες,
519 2797 554 2856 εί
567 2789 597 2876 γ’
617 2791 679 2857 οὐκ
697 2790 932 2876 ἀναμείναντες
950 2800 1008 2876 τῆς
1025 2795 1112 2876 γνά-
1146 2850 1149 2856 .

54 2919 81 2962 2⁶
95 2925 158 2986 μης
179 2901 274 2985 ἡμῶν
297 2905 419 2983 μαθεῖν
442 2899 479 2964 τὸ
503 2896 595 2975 τέλος
616 2906 814 2983 κατηγορεῖν
835 2898 901 2982 ἤδη
922 2898 1024 2981 αὐτῆς
1042 2897 1111 2978 ἀξι-

166 3053 345 3118 ῦπαθόντες
364 3054 386 3109 0
405 3052 593 3128 <π>αθόντες
610 3054 657 3108 Bb
676 3053 859 3124 μαθόντεςο.
879 3053 1024 3124 Kiessling
1094 3060 1110 3110 8

93 3147 215 3252 οίβμεθα
234 3162 281 3215 Ba
336 3168 404 3232 9τῇ
424 3163 510 3234 βουλῇ
528 3160 627 3215 νεωστὶ
645 3159 763 3232 γενομὲν
801 3159 1017 3286 c.Kiessling*
1030 3181 1138 3232 γενο-·

94 3233 165 3306 με’νη
191 3232 271 3286 uncis
289 3231 393 3287 inclusi
466 3239 499 3286 15
524 3227 746 3302 ἐργασόμενοιο.
792 3231 868 3286 eiske
888 3227 1069 3303 ἐιργαζόμενο
1087 3250 1110 3291 c.

94 3254 184 3360 Cob¹et
202 3304 306 3372 Obs.p
309 3310 383 3359 ,140
438 3310 472 3358 17
490 3312 540 3358 τοῦ
559 3323 588 3358 τε
607 3304 685 3357 σίτου
704 3321 725 3357 ο.
741 3302 886 3372 KIessling
943 3309 974 3358 18
992 3302 1112 3374 ποιησά-

94 3395 175 3448 μενοι
200 3373 302 3430 Reiske
326 3394 375 3430 πο
376 3393 411 3443 ησ
412 3373 554 3456 όμενοιΟ
627 3379 702 3440 ῦῦη
685 3371 789 3499 ίβΠεί11
779 3374 826 3428 Ba
844 3391 913 3430 corr.
933 3391 1003 3445 ειη

97 3449 128 3502 εί
140 3465 172 3517 γε
192 3446 214 3502 0
234 3447 267 3500 οῖ’
280 3463 352 3516 γεο.
373 3444 497 3500 Sintenis
515 3445 576 3500 Em
595 3443 677 3501 Dion.
