2424 3848
98 174 164 239 380
519 171 688 224 -Θ-

96 361 168 414 κιος
192 336 339 421 Φούριος
361 331 416 399 καί
438 328 550 410 Αὖλος
575 332 780 417 Οὐεργίνιος.
817 325 860 416 ήν
884 328 913 397 δ’
942 333 1004 399 ούκ
1027 332 1115 418 ἀγώ-

97 459 199 527 νισμα
227 449 306 506 πᾶσι
332 450 403 518 τοῖς
428 444 564 517 πολλοῖς
589 436 644 504 καὶ
667 437 786 523 πένησι
803 435 973 523 Ῥωμαίων
996 439 1017 522 ή
1042 441 1115 506 δια-

98 550 183 633 νομή
219 557 277 631 της
312 548 420 633 χώρας
457 547 501 624 ὡς
537 542 818 630 ἀπελαυνομένοις
854 553 911 629 τῆς
942 548 1115 633 πατρίδος,

99 655 222 738 ὀλίγων
244 651 272 718 τ’
296 650 585 739 ἀπογραψαμένων
608 650 700 730 ἔδοξε
718 659 758 737 τῇ
776 655 894 736 βουλή,
917 650 1032 737 ἐπειδὴ
1052 654 1116 720 οὐκ

73 760 276 847 εάξιύχρεως
298 755 342 844 ἦν
365 759 384 825 ὁ
407 758 602 843 ἀπόστολος,
626 756 796 845 ἐπιτρέψαι
819 760 976 823 Λατίνων
999 781 1036 824 τε
1058 758 1116 825 κάὶ

92 865 254 951 Ἑρνίκων
281 876 351 941 τοῖς
378 863 596 949 βουλομένοις
622 873 679 948 τής
704 863 856 941 ἀποικίας
878 862 1036 950 μετέχειν.
1083 867 1119 932 οί

97 969 159 1057 μέν
190 974 231 1056 δή
262 974 309 1049 είς
329 969 462 1037 ’Ἀντιον
490 966 727 1048 ἀποσταλέντες
753 967 934 1053 κατένεμον
960 970 1023 1052 τήν
1050 979 1116 1055 γῆν

98 1090 168 1155 τοῖς
194 1076 380 1164 σφετέροις,
407 1076 528 1160 μοῖράν
556 1099 630 1141 τινα
658 1073 692 1153 ἐξ
719 1074 821 1160 αὐτῆς
842 1085 912 1152 τοῖς
931 1071 1116 1155 Ἀντιάταις

63 1185 362 1268 3ὑπολειπόμενοι.
402 1181 439 1249 έν
463 1178 500 1248 δὲ
522 1190 567 1270 τῷ
592 1180 712 1266 μεταξὺ
734 1185 846 1271 χρύνφ
870 1185 1024 1265 στρατεία
1045 1194 1115 1250 τῶν

60 1316 86 1356 10
99 1290 234 1355 ὑπάτων
257 1286 453 1376 ἀμφοτέρων
472 1287 614 1374 ἐγένετο,
636 1291 796 1372 Αίμιλίον
819 1284 880 1373 μέν
899 1290 947 1365 είς
965 1289 1026 1373 τήν
1044 1294 1116 1355 Σα-

100 1399 205 1481 βίνων
231 1397 360 1481 χώραν,
392 1398 523 1480 Φαβίου
552 1392 582 1460 δ’
610 1397 657 1473 είς
684 1395 745 1477 τήν
770 1397 938 1460 Αίκανῶν.
983 1393 1040 1462 καί
1067 1405 1114 1485 τῷ

100 1500 161 1587 μέν
188 1505 333 1591 Αίμιλίφ
365 1504 473 1569 πολύν
506 1501 544 1567 έν
572 1511 612 1588 τῇ
641 1504 782 1588 πολεμίᾳ
811 1504 961 1585 μείναντι
990 1504 1116 1588 χρόνον

100 1609 238 1692 οὐδεμία
269 1609 409 1691 δύναμις
437 1607 605 1691 ὑπήντησε
636 1604 825 1692 μαχουμένη
855 1604 931 1693 περὶ
959 1615 1017 1691 τῆς
1043 1617 1115 1692 γῆς,

100 1712 171 1780 ἀλλ’
198 1714 303 1790 ἀδεῶς
333 1714 438 1796 αὐτήν
467 1716 593 1800 κείρας,
624 1712 738 1796 ἐπειδή
767 1720 916 1798 καθῆκεν
945 1713 963 1778 ὁ
994 1717 1182 1800 χρόνος1910

60 1845 86 1886 15
100 1830 167 1884 τῶν
190 1818 421 1906 ἀρχαιρεσίων,
445 1819 548 1904 ἀπῆγε
571 1819 629 1897 τάς
653 1820 820 1905 δυνάμεις.
860 1823 977 1909 Φαβίῳ
1001 1817 1031 1885 δ’
1055 1823 1116 1886 Αί-

100 1929 207 2009 κανοί,
230 1923 310 2012 πρὶν
333 1927 380 2003 είς
399 1924 550 2010 ἀνάγκην
569 1924 682 1991 ἐλῶεῖν
701 1934 854 2011 στρατιᾶς
872 1927 1117 2014 διαφθαρείσης

100 2032 120 2117 ή
143 2043 261 2117 τειχῶν
284 2030 526 2116 ἁλισκομένων,
555 2031 858 2117 ἐπεκηρυκεύσαντο
881 2031 958 2120 περὶ
981 2034 1116 2101 διαλλα-

64 2141 169 2222 4γῶν
196 2135 252 2204 καὶ
279 2140 401 2223 φιλίας.
446 2139 464 2204 ὁ
493 2135 524 2203 δ’
550 2139 674 2216 ύπατος
701 2139 763 2205 δύο
790 2162 826 2204 τε
851 2150 967 2224 μηνῶν
990 2142 1116 2227 τροφὰς

100 2253 139 2331 τῇ
163 2253 299 2332 στρατιᾷ
323 2242 464 2311 καὶδύο
487 2254 629 2330 χιτῶνας
651 2241 720 2310 κατ’
744 2245 853 2332 ἀνδρα
874 2243 931 2311 καί
951 2245 1115 2333 ἀργύριον

60 2378 87 2419 εο
100 2354 148 2428 είς
175 2352 391 2435 ὀψωνιασμὸν
419 2349 583 2436 ἑξαμήνου
610 2348 666 2416 καί
694 2357 727 2416 εί
748 2375 781 2416 τι
808 2353 890 2418 ἀλλο
918 2355 1115 2437 κατήπειγεν

100 2457 368 2543 είσπραξάμενος,
391 2457 514 2542 ἀνοχάς
537 2456 713 2540 ἐποιήσατο
736 2461 819 2545 πρὸς
837 2457 969 2542 αὐτούς,
993 2457 1056 2536 ἕως
1073 2458 1114 2525 ἀν

99 2566 146 2641 είς
164 2562 290 2649 Ῥώμην
314 2563 509 2649 ἀφικόμενοι
531 2565 621 2648 παρά
644 2574 701 2648 τῆς
723 2568 848 2649 βουλῆς
870 2564 1037 2652 εὕρωνται
1058 2567 1114 2643 τάς

100 2671 278 2747 διαλύσεις.
314 2671 335 2754 ή
359 2669 473 2755 μέντοι
495 2672 602 2755 βουλή
625 2680 728 2736 ταῦτα
751 2677 907 2755 μαθοῦσα
929 2680 976 2760 τῷ
998 2675 1113 2760 Φαβίῳ

100 2776 279 2864 ἐπέτρεψεν
305 2775 523 2863 αύτοκράτορι
550 2777 775 2842 διαλύσασθαι
802 2778 885 2863 πρὸς
911 2779 991 2856 τοὺς
1011 2780 1060 2843 Ac
1100 2816 1113 2826 -

174 3011 187 3058 1
208 3005 343 3075 φρούριος
360 3005 413 3058 ΑΒ
434 3007 439 3074 Ι
463 3005 540 3060 *ούκ
558 3005 635 3074 ἀγὼν
653 3013 739 3060 πᾶσιν
758 3005 829 3060 ἀλλά
846 3011 904 3069 τοῖς
923 3007 947 3060 Α
967 3007 1020 3060 ούκ
1038 3006 1112 3075 ἀγὼν

98 3084 168 3130 πᾶσι
188 3079 222 3147 (8)
240 3079 286 3132 vel
305 3084 374 3130 ῶάσι
392 3083 450 3138 τοῖς
467 3076 491 3129 Β
512 3077 564 3131 ούκ
583 3075 656 3146 ἀγαν
675 3076 802 3146 ἀσπαστή
821 3082 879 3139 τοῖς
897 3093 920 3130 ο.
935 3074 1041 3139 Reieke
1065 3077 1112 3130 ούιι

99 3147 237 3201 ἀκούσασι
255 3147 364 3218 Kayser
381 3147 453 3202 Ann.
469 3147 539 3217 phil.
556 3153 624 3203 1868
643 3165 669 3216 p.
686 3154 737 3203 817
757 3149 808 3202 αλκ
827 3148 956 3217 ἀγαπῶσι
975 3164 998 3203 e.
1018 3147 1112 3202 Kieee-

99 3217 162 3288 ling
179 3219 271 3274 locum
291 3218 533 3288 corruptieeimum
551 3216 592 3273 sic
611 3218 760 3273 restituere
775 3224 891 3273 conatus
906 3235 976 3286 sum,
995 3221 1029 3273 ut
1043 3218 1111 3287 ἀγώ-

100 3305 184 3357 νισμα
204 3289 354 3345 eeriberem
417 3297 434 3344 4
453 3289 552 3359 ὀλίγων
571 3308 602 3358 γε
620 3288 666 3344 vel
684 3289 717 3344 δὲ
736 3306 759 3344 ο.
778 3288 882 3343 Reiske
946 3294 963 3342 5
983 3289 998 3344 ὁ
1018 3306 1073 3345 om.
1090 3287 1111 3340 B

100 3365 116 3413 9
136 3360 252 3429 στρατιὰ
269 3361 345 3416 ABa
364 3378 395 3415 στ
414 3363 494 3416 ατεία
514 3359 559 3414 Bb
633 3366 665 3415 13
689 3359 760 3431 ὑπὲρ
778 3367 827 3429 τῆς
845 3366 895 3429 γῆς
912 3359 1039 3415 Reudler
1058 3360 1111 3414 Tir.

101 3428 162 3486 crit.
181 3448 209 3499 p.
229 3437 261 3484 61
338 3439 370 3486 17
394 3381 621 3502 ἀπεκηρύκεοσαν
639 3431 665 3484 Α

63 3498 119 3634 ἱ
