2424 3848
91 160 133 225 οε
514 160 675 208 -z-

90 323 131 388 τὰ
157 321 314 406 κράτισπα
341 318 580 402 συνεβούλευες
607 319 736 396 τούτοις
757 315 812 384 καὶ
835 321 1040 405 συνήνεγκεν
1063 318 1108 386 ἀν

90 436 128 513 τῇ
157 429 251 493 πόλει
278 434 380 491 ταῦτα
407 427 585 509 γενόμενα,
617 431 682 491 είτε
712 424 757 502 ὡς
788 424 850 490 ούκ
877 427 946 490 ἔστι
975 427 1108 492 δίκαιον

91 538 201 618 λόγων
229 532 376 608 εὐθύνας
403 529 537 617 ὑπέχειν
564 535 642 609 τοὺς
665 529 954 616 ἀποφαινομένους
982 530 1108 598 ένθάδε
1200 612 1206 617 .

92 644 150 718 τὰς
172 639 316 723 γνώμας,
340 642 405 702 εἴτε
428 637 473 714 ὡς
495 637 557 703 οὐκ
576 637 612 703 έκ
634 640 793 723 προνοίας
815 632 895 703 ούδδ
918 635 1109 724 ἐπιβουλῆς,

65 742 165 812 εάλλ’
192 745 274 831 ὀργή
303 740 478 829 ἐπιτρέψας
505 745 545 808 πά
573 745 674 829 μιαρὰ
701 752 803 809 ταῦτα
829 755 1006 830 παραινεῖν
1028 766 1110 831 προ-

56 854 214 938 4ήχθης,
242 848 308 916 εἴθ’
339 850 513 932 ὁτιδήποτε
542 850 623 916 ἀλλο
651 848 845 935 ἀπολόγημα
873 851 965 935 ἔχεις.
1010 875 1110 916 κατα-

92 961 233 1043 βίβασον
261 956 325 1022 ἀπὸ
354 967 420 1022 τῶν
448 955 671 1043 ὑπερηφάνων
699 953 754 1021 καί
776 965 985 1041 τυραννικῶν
1008 956 1111 1043 αύχη-

93 1064 206 1149 μάτοιν
222 1062 358 1129 ἐκείνων
369 1065 509 1129 σεαυτὸν
523 1060 576 1128 ἐπὶ
590 1065 627 1128 τὸ
643 1064 917 1148 δημοτικώτερον,
932 1057 958 1127 ὦ
972 1061 1112 1150 πονηρέ,

94 1168 149 1236 καὶ
176 1172 317 1253 ποίησον
339 1171 403 1254 ήδη
432 1165 510 1234 ποτὲ
537 1181 608 1247 τοῖς
630 1171 744 1246 ἀλλοις
766 1167 959 1255 ἀνθρώποις
982 1169 1112 1254 ὅμοιον.

55 1291 81 1330 1⁰
94 1277 318 1363 ἡμαρτηκότος
346 1272 427 1360 λαβὲ
455 1273 511 1341 καὶ
533 1272 800 1362 παραιτουμένου
824 1284 931 1361 σχῆμα
953 1279 1113 1344 ταπεινὸν

96 1381 194 1466 <καὶ>
214 1382 371 1465 ἐλεεινόν,
391 1373 464 1448 οἷον
484 1381 681 1448 ἀπαιτοῦσιν
701 1381 739 1446 αί
755 1385 933 1468 συμφοραί.
970 1384 1015 1467 μή
1038 1387 1113 1468 βια-

95 1491 230 1572 ζόμενος
261 1491 339 1565 τοὺς
371 1498 478 1564 κακῶς
513 1491 741 1571 πεπονθότας,
778 1484 849 1553 ἀλλ’
885 1488 1113 1574 ὑπερχόμενος

61 1589 192 1673 5ἀξίου
220 1596 394 1673 σώζεσθαι.
438 1592 588 1677 γενέσθω
618 1610 671 1659 σοι
698 1592 906 1680 παράδειγμα
932 1603 989 1678 τῆς
1013 1594 1185 1666 {utet-1412

96 1703 201 1782 κείας,
229 1693 250 1786 ᾗ
279 1700 448 1785 χρώμενος
475 1699 516 1765 ἀν
544 1707 614 1783 είης
642 1703 725 1787 πρὸς
751 1703 830 1779 τοὺς
852 1702 919 1785 ἅμα
941 1706 1115 1769 πολιτευο-

57 1834 82 1875 15
97 1803 218 1889 μένους
241 1805 474 1890 ἀνεπίληπτος,
501 1807 541 1871 τὰ
555 1818 630 1871 τῶν
654 1806 792 1891 ἀγαθῶν
814 1806 942 1873 τούτοιν
965 1811 1057 1894 ἔργα,
1081 1813 1118 1876 οἳ

96 1920 251 1977 τοσούτοι
274 1908 335 1996 μὲν
359 1913 451 1990 ὄντες
473 1915 511 1978 τὸ
534 1918 674 1997 πλῆθος,
698 1913 797 1990 ὅσους
818 1923 883 1980 νῦν
902 1913 1001 1991 αὐτὸς
1021 1915 1115 2004 ὁρᾷς,

97 2019 258 2095 τοσαύτας
280 2016 311 2083 δ’
338 2017 455 2104 ἀρετὰς
482 2018 756 2103 ἀποδεδειγμένοι
779 2016 834 2085 καί
856 2021 1035 2103 πολεμικδις
1058 2020 1116 2087 καὶ

97 2126 281 2208 πολιτικός,
313 2125 351 2202 ἀς
384 2123 455 2191 οὐδ’
487 2125 523 2191 έν
555 2130 666 2213 πολλῶ
699 2125 789 2190 πάνυ
820 2128 929 2214 χρόνῳ
963 2128 1117 2194 διελθεῖν

100 2227 230 2317 ῥᾴδιον,
254 2227 354 2297 οὐδὲν
379 2232 469 2316 ἀμὸν
493 2229 566 2297 οὐδ’
587 2231 802 2317 ὑπερήφανον
827 2230 1004 2316 ἐξήνεγκαν
1021 2232 1118 2313 τέλος

60 2363 86 2402 νο
100 2332 176 2400 καθ’
203 2337 297 2420 ἡμῶν
326 2347 392 2402 τῶν
419 2340 557 2422 φαύλων
586 2336 641 2403 καὶ
668 2348 832 2404 ταπεινῶν
860 2339 896 2404 οί
921 2337 1037 2423 σεμνοὶ
1060 2340 1119 2407 καὶ

101 2442 255 2526 μεγάλοι,
285 2441 369 2508 ἀλλὰ
398 2442 454 2510 καὶ
484 2448 593 2528 λόγων
623 2439 726 2530 ήρξαν
757 2448 990 2531 συμβατηρίων
1019 2446 1118 2513 αὐτοὶ

100 2550 255 2634 πρότεροι
287 2554 516 2635 προτείνοντες
548 2551 743 2634 διαλλαγάς,
780 2550 833 2615 ὅτε
870 2553 994 2618 διεῖλεν
1030 2553 1119 2639 ήμᾶς

101 2652 156 2719 ἀπ’
174 2653 327 2737 ἀλλήλοιν
345 2657 365 2741 ή
384 2658 478 2742 τύχη,
497 2642 626 2734 καὶτὰς
646 2657 824 2741 συμβάσεις
843 2659 903 2744 οὐχ
923 2658 967 2736 ὡς
985 2655 1120 2738 ἑαυτοῖς

102 2761 336 2846 ὑπελάμβανον
366 2763 483 2848 ἄριστα
518 2762 619 2850 έξειή,
653 2760 725 2828 ἀλλ’
759 2763 804 2840 ῶς
834 2762 928 2847 ἡμεῖς
957 2762 1119 2850 ἠξιοῦμεν

175 2917 481 3043 1ισυήηιε1β>ούλευεςΒ
498 2922 502 2988 1
518 2921 584 2986 post
601 2919 709 2981 τούτοις
727 2919 845 2988 praebet
859 2917 886 2972 εί
903 2919 980 2973 ΑΒει
998 2922 1053 2975 εἴτε
1068 2922 1119 2976 Bb

102 2989 156 3044 del.
171 2989 252 3043 Κιοεε
296 2995 335 3058 g!
352 2987 527 3058 συνήνεγκαν
543 2988 578 3043 διν
594 2990 616 3044 Ο
632 2989 784 3059 συνήνεγκε
804 2989 925 3059 Sylburg
945 2991 1119 3061 συνήνεγκεν

103 3057 139 3112 διν
152 3058 296 3128 Kiessling
368 3066 384 3114 2
404 3061 454 3114 ούκ
471 3058 510 3114 ἔτι
525 3062 643 3114 δικαίων
658 3061 785 3130 λόγωνΑ
858 3068 875 3115 4
894 3063 949 3116 εἴτε
968 3063 1019 3132 ούχ
1038 3063 1075 3126 ὡς
1094 3064 1119 3118 Ο

104 3145 172 3185 corr.
192 3130 314 3199 Sylburg
386 3138 401 3185 6
421 3130 465 3186 ὅτι
483 3129 588 3200 μήποτε
609 3132 660 3184 ΑΒ
683 3135 687 3198 Ι
709 3130 772 3201 ἔκηε
790 3131 813 3183 Β
885 3137 902 3184 8
921 3134 1074 3202 δημοτικὸν
1093 3136 1121 3189 A

104 3199 1120 3346 {ffssssssffi'ff'ssflffl{³5¹2'Z‘2Tg‘3033dssffisflffffr‘Z2122>ss{33⁶⁶ssssss{¹3ss

104 3338 215 3464 ήζρᾷςῙΑ
239 3343 322 3405 αὐτὸς
341 3343 449 3419 ὁρᾷςΒ
472 3352 525 3398 νῦν
544 3342 628 3406 αὐτὸς
647 3344 714 3419 δρᾷς
732 3360 785 3413 ego
866 3350 898 3398 18
917 3346 1076 3412 διεξελθεῖν
1095 3365 1119 3405 c.

129 3428 185 3465 less
198 3429 248 3480 mg
