2424 3848
519 181 685 232 -Θ-
1042 180 1105 242 281

95 339 283 427 παρέδοσαν
306 353 374 419 τοῖς
397 340 547 427 ἐχθροῖς,
575 340 699 418 ἐκεῖνος
722 341 740 407 ό
763 341 864 427 χάραξ
890 342 907 408 ό
930 344 988 407 τὸν
1008 340 1110 407 ἐκλει-

95 447 226 532 φθέντα
239 447 482 532 ὑποδεξάμενος
496 445 570 512 ἀντὶ
583 457 644 513 τοῦ
657 446 936 532 καταλειφθέντος
949 447 1109 514 ἁλώσεται

96 557 154 641 βίμ
177 557 363 638 κρατηθείς.

163 659 236 724 VII.
273 662 381 724 Ταῦτα
404 661 492 744 παρὰ
515 670 581 724 τῶν
600 660 750 743 μάντεων
770 661 805 725 οί
825 659 991 745 Τυρρηνοὶ
1010 661 1109 726 ἀκού-

95 784 212 842 σαντες
235 764 326 850 μέρει
349 763 415 829 τινλ
438 775 494 848 τῆς
518 763 642 830 ἑαυτῶν
666 774 818 851 στρατιᾶς
840 767 901 850 τὴν
924 766 1107 851 ἐρημωῦεῦ-
1135 791 1148 832 5

96 889 160 936 σαν
178 871 243 937 ὑπὸ
262 882 329 936 τῶν
338 869 507 954 Ῥωμαίων
525 872 832 955 καταλαμβάνονται
852 873 1106 953 στρατοπεδείαν

40 978 141 1052 754ὡς
172 976 374 1062 ἐπιτείχισμα
401 981 615 1062 ποιησόμενοι
643 987 700 1060 τῆς
727 975 849 1062 έτέρας·
886 973 929 1060 ἦν
957 974 993 1041 δέ
1020 978 1109 1043 πάνυ

96 1083 218 1168 ἐχυρὸν
241 1085 278 1148 τὸ
301 1087 424 1169 χωρίον
446 1082 501 1148 καὶ
524 1096 594 1160 τοῖς
616 1084 680 1149 ἀπὸ
694 1082 819 1167 Ῥώμης
843 1080 895 1148 ἐπὶ
917 1086 955 1149 τὸ
975 1088 1110 1165 στρατό-

94 1190 200 1254 πεδον
224 1191 313 1254 ἰοῦσι
336 1191 510 1266 κωλύσεως
533 1188 570 1255 ἐν
592 1195 680 1278 καλῷ
705 1193 867 1273 κείμενον.
904 1209 1110 1274 πραγματευ-

96 1296 235 1379 σάμενοι
259 1292 296 1360 δὲ
319 1294 373 1361 καλ
392 1291 505 1378 τᾶλλα,
528 1295 561 1374 ἐξ
581 1291 628 1361 ὧν
646 1298 900 1378 πλεονεκτήσειν
917 1297 996 1371 τοὺς
1013 1300 1109 1359 πολε·
1125 1324 1151 1362 ω

96 1405 194 1486 μίονς
225 1405 379 1486 ἔμελλον,
412 1400 529 1485 ἐξῆγον
562 1405 608 1479 είς
637 1404 674 1468 τὸ
704 1404 821 1467 πεδίον
852 1403 910 1478 τάς
941 1401 1108 1484 δυνάμεις.

96 1513 267 1593 μενόντων
286 1504 323 1573 δέ
341 1519 409 1574 τῶν
417 1506 585 1593 Ῥωμαίων
605 1505 656 1592 ἐφ’
675 1508 813 1594 ησυχιάς
828 1508 1144 1594 προσιππεύοντες2

96 1614 130 1692 ἐξ
161 1615 271 1678 αὐτῶν
302 1615 337 1679 οί
361 1619 598 1698 τολμηρότατοι
625 1613 681 1679 καὶ
709 1618 851 1698 πλησίον
878 1625 938 1680 τοῦ
965 1614 1109 1700 χάρακος

97 1722 284 1805 ίστάμενοι,
313 1721 471 1803 γυναῖκάς
500 1718 528 1785 τ’
557 1720 744 1787 ἀπεκάλουν
775 1723 919 1798 ἅπαντας
948 1719 1003 1786 καὶ
1032 1723 1110 1796 τοὺς

98 1827 260 1911 ἡγεμόνας
292 1827 402 1891 αὐτῶν
430 1838 499 1902 τοῦς
527 1827 727 1904 δειλοτάτοις
754 1839 820 1893 τῶν
848 1829 940 1906 ζώων
968 1825 1109 1893 ἐοικέναι
1127 1854 1151 1894 ιε

96 1932 250 2017 λέγοντες
278 1931 441 2014 ἐκάκιζον,
468 1930 523 1997 καὶ
551 1934 645 1998 δνεῑν
672 1934 817 2019 θάτερον
840 1933 968 2017 ἠξίουν·
997 1935 1028 1997 εί
1049 1929 1110 2017 μὲν

96 2040 347 2105 ἀντιποιοῦνται
370 2046 426 2120 τῆς
448 2036 582 2123 περλτά
599 2038 739 2123 πολέμια
758 2039 884 2124 ἀρετῆς,
906 2039 1111 2122 καταβάντας

97 2149 145 2222 είς
166 2147 204 2210 τὸ
227 2148 345 2210 πεδίον
367 2154 426 2231 μιᾷ
448 2147 509 2210 τὸν
531 2144 643 2228 ἀγῶνα
666 2157 777 2230 κρῖναι
801 2146 902 2230 μάχη,
926 2147 957 2208 εί
978 2141 1008 2209 δ’
1032 2144 1110 2227 δμο-

97 2256 258 2333 λογοῦσιν
282 2245 367 2314 είναι
390 2254 497 2334 κακοί,
520 2253 731 2336 παραδόντας
752 2251 793 2314 τά
816 2251 902 2315 όπλα
920 2261 988 2326 τοῖς
1006 2252 1110 2334 κρείτ-

97 2374 171 2424 τοσι
194 2355 250 2422 καλ
274 2358 367 2431 δίκας
389 2356 611 2442 ὑποσχόντας,
639 2350 686 2421 ὧν
710 2357 870 2440 ἔδρασαν,
898 2356 1040 2439 μηδενὸς
1063 2358 1109 2420 ἐτι
1125 2384 1152 2423 νο

96 2476 164 2529 τῶν
187 2463 340 2547 μεγάλων
365 2459 503 2539 ἑαυτοὺς
526 2462 651 2541 ἀξιοῦν.
688 2459 775 2528 τοῦτ’
795 2461 932 2526 ἐποίουν
950 2458 1145 2544 όσημέραι3

96 2568 152 2635 καλ
171 2567 240 2633 ἐπεὶ
260 2564 360 2633 οὐδέν
380 2567 567 2653 ἐπέραινον,
586 2568 801 2653 ἀποτειχίζειν
820 2567 942 2641 αὐτοὺς
960 2569 1111 2649 ἔγνωσαν

38 2676 142 2751 τῦσδις
166 2679 249 2760 λιμῷ
273 2675 602 2758 προσαναγκάσοντες
624 2681 838 2755 παραστῆναι.
882 2673 917 2737 οί
938 2670 968 2737 δ’
992 2672 1111 2737 ὕπατοι

96 2780 287 2864 περιεώρων
313 2781 352 2844 τά
379 2783 539 2864 γινόμενα
566 2777 661 2863 μέχρι
687 2782 829 2862 πολλοῦ,
858 2776 901 2842 δι’
927 2778 1111 2862 ἀνανδρίαν

95 2882 158 2970 μὲν
177 2885 197 2970 ἢ
217 2889 380 2970 μαλακίαν
399 2885 559 2969 οὐδεμίαν
576 2923 614 2932 -
635 2885 815 2969 ἀμφότεροι
835 2885 898 2970 γὰρ
917 2884 1061 2969 εὔψυχοί
1077 2906 1111 2948 τε
1125 2899 1151 2940 2⁶

96 2990 153 3058 καὶ
175 2993 394 3076 φιλοπόλεμοι
413 2986 498 3074 ἦσαν
517 3029 551 3037 -
570 2992 606 3056 τὸ
627 2988 664 3056 δὲ
682 3000 749 3055 τῶν
768 3001 977 3075 στρατιωτῶν
998 2988 1111 3054 ἐθελό-

60 3249 63 3252 -
170 3215 393 3286 ἵπονησόμενοι
411 3218 483 3272 κατδι
501 3226 550 3287 τῆς
568 3236 591 3274 ο.
607 3217 749 3286 Kiessling
811 3217 1022 3271 11πεδίο.νΒ
1079 3224 1110 3269 12

95 3299 152 3345 τῶν
171 3291 267 3343 om.B
359 3296 392 3343 13
413 3284 442 3354 ἐξ
461 3290 553 3344 αὐτῶν
571 3291 594 3342 Β
612 3289 682 3358 πρὸς
701 3289 793 3341 αὐτῶν
811 3288 837 3339 Β,
925 3295 957 3341 15
977 3287 1053 3352 ζόων
1073 3290 1111 3340 εί-

96 3364 182 3426 καζον
205 3376 255 3428 pro
280 3363 301 3425 ζ.
321 3356 446 3414 ἐοικέναι
468 3359 594 3430 λέγοντες
618 3356 747 3423 ἐκάκιζον
771 3375 792 3413 ο.
814 3358 904 3412 Cobet
927 3358 992 3413 obs.
1012 3377 1038 3428 p.
1061 3365 1111 3413 174

96 3440 131 3488 21
151 3430 202 3499 όσή
221 3433 265 3500 (ex
283 3433 364 3499 cort.)
384 3449 467 3500 μεραι
484 3431 508 3484 Β
581 3437 615 3484 24
633 3428 836 3502 περ<ιε>ότρων
854 3429 902 3482 Bb
