2378 3840
93 181 161 247 354
518 173 687 226 ’Θ-

59 346 244 427 2πονηρᾶς
274 338 373 422 ῥίζης.
420 335 461 401 οὐ
490 335 554 418 γὰρ
585 335 676 398 ἔσται
705 329 808 418 πέρας
837 329 911 398 οὐδ’
943 329 1104 413 ἀπαλλαγὴ

94 458 162 515 τῶν
185 445 370 529 δαιμονίων
387 444 515 527 -χόλων,
538 439 600 517 ἕως
622 438 665 505 δν
686 439 747 522 ἥδε
770 439 790 521 ἡ
815 439 984 523 βάσκανος
1006 437 1107 524 ἐρινὺς

95 550 151 618 καὶ
174 548 362 637 φαγέδαινα
385 544 596 632 ἐγκαθημένη
619 544 727 610 πάντα
751 545 839 631 σητη
857 542 914 610 καὶ
933 546 1107 630 διαφθείρη

96 659 136 723 τὰ
163 655 258 722 καλά.
304 651 376 719 ἀλλ’
402 649 486 738 ὑπὲρ
515 649 577 737 μὲν
603 652 731 718 τούτων
759 649 870 736 ἕτερος
898 653 992 717 ἐσται
1019 654 1109 734 λόγος

70 760 153 828 ικαὶ
175 761 290 846 καιρὸς
312 758 583 844 ἐπιτηδειότερος,
605 767 671 824 νῦν
693 753 723 822 δ’
748 754 819 821 ἐτεί
840 758 882 822 τὰ
904 760 1056 842 παρόντα
1076 749 1109 821 εὖ

97 873 256 933 τίθεσθαι
278 867 352 951 χρη,
375 873 485 930 πᾶσαν
508 866 682 950 εἰρωνείαν
702 861 798 948 ἀφεὶς
816 863 895 928 τάδε
914 863 999 947 ὑμῖν
1017 861 1110 947 λέγω·

99 971 178 1041 οὔθ’
204 973 263 1037 ὅδε
286 971 304 1037 ὁ
328 972 431 1055 νόμος
453 965 521 1035 οὔτ’
546 971 646 1047 ἄλλος
668 968 791 1053 οὐδείς,
815 968 855 1034 δν
879 969 941 1054 ούχ
965 970 988 1053 ἡ
1012 969 1111 1055 βουλὴ

99 1078 352 1164 προβουλεύσει,
374 1077 489 1163 κύριος
513 1073 566 1141 ἐπὶ
584 1083 642 1159 τῆς
660 1073 738 1160 ἐμῆς
756 1075 912 1152 ὑπατείας
930 1078 1113 1160 γενήσεται,

101 1183 184 1251 ἀλλὰ
211 1182 268 1250 καί
295 1186 407 1268 λόγοις
434 1181 642 1267 ἀγωνιοῦμαι
668 1179 744 1268 περὶ
770 1189 828 1265 της
854 1180 1113 1268 ἀριστοκρατίας,

60 1311 87 1352 ιο
100 1289 164 1355 κᾶν
186 1291 235 1368 είς
256 1290 296 1354 τὰ
319 1291 400 1376 ἔργα
423 1287 481 1375 δέη
499 1299 620 1374 χωρείν
639 1285 711 1354 οὐδ’
730 1287 766 1353 ἐν
784 1288 917 1366 τούτοις
934 1299 1004 1354 τῶν
1024 1288 1114 1354 ἐναν-

100 1393 287 1481 τιουμένων
319 1400 525 1482 λελείψομαι·
562 1393 617 1461 καί
649 1396 680 1460 εί
709 1395 754 1479 μὴ
786 1396 950 1481 πρότερον
984 1398 1114 1479 ἔγνωτε,

102 1501 186 1588 ὅσην
211 1505 308 1589 ίσχύν
331 1505 397 1589 ἐχει
419 1505 457 1569 τὸ
480 1513 548 1568 τῶν
570 1501 705 1568 ὑτιύτων
727 1500 857 1587 κράτος,
880 1498 936 1566 ἐπὶ
957 1509 1018 1586 τῆς
1041 1499 1115 1586 ἐμῆς

102 1608 203 1696 ἀρχῆς
225 1611 430 1694 μαθήσεσθε.

167 1712 349 1778 XXXXVI.
378 1711 515 1787 ’Ἀκαιος
538 1709 600 1795 μὲν
623 1715 665 1797 δὴ
688 1709 778 1780 ταῦτ’
801 1707 904 1798 εἶπεν,
929 1711 965 1778 ἐκ
990 1710 1030 1779 δὲ
1052 1724 1115 1779 τῶν

62 1838 87 1880 ιε
102 1819 281 1904 δημαρχων
304 1817 323 1883 δ
344 1817 569 1903 πρεσβύτατος
590 1815 646 1883 καὶ
664 1824 820 1886 τλείστου
839 1817 1025 1904 ἀξιώματος
1043 1843 1116 1904 τυγ-

100 1924 228 2011 χάνων,
258 1922 358 1999 Γύιος
384 1922 585 2007 Λαιτώριος,
615 1922 700 2010 ἀνὴρ
731 1927 769 1990 ἐν
798 1950 833 1992 τε
863 1936 933 2003 τοϊς
961 1925 1152 2012 πολέμοιςιει

102 2027 310 2116 ἐγνωσμένος
341 2023 428 2095 εἶναι
459 2031 571 2116 ψυχὴν
604 2030 644 2096 οὐ
676 2034 776 2109 κακὸς
806 2030 862 2098 καί
893 2033 934 2096 τὰ
966 2034 1117 2099 πολιτικὰ

100 2137 255 2222 πράττειν
278 2134 340 2201 οὐκ
358 2134 533 2223 ἀδύνατος,
556 2136 727 2203 ἀνίσταται
745 2141 828 2224 πρὸς
846 2132 936 2204 ταῦτ’
954 2137 1116 2223 ἀπολογη·

103 2245 256 2327 σόμενος·
293 2240 349 2308 καὶ
377 2246 517 2328 διῆλθεν
545 2241 628 2330 ὑπὲρ
655 2253 715 2311 τοῦ
744 2247 853 2329 δήμου
882 2247 984 2329 λόγον
1012 2249 1116 2313 πολὺν

62 2368 91 2409 εο
105 2346 169 2414 ἀπὸ
192 2358 259 2414 τῶν
282 2350 417 2417 ἄνωθεν
441 2349 634 2438 ἀρξάμενος·
659 2350 704 2428 ὡς
725 2353 849 2428 πολλὰς
871 2348 932 2436 μὲν
951 2349 1008 2416 καὶ
1027 2358 1115 2438 χαλε-

101 2455 166 2532 πὰς
189 2459 357 2539 στρατείας
380 2459 416 2524 οί
435 2458 730 2543 βλασφημούμενοι
751 2461 834 2544 πρὸς
856 2456 961 2524 αὐτοῦ
983 2456 1116 2543 πένητες

103 2557 377 2647 ἐστρατεύσαντο,
406 2564 446 2630 οὐ
474 2566 579 2647 μόνον
606 2562 659 2629 ἐπὶ
681 2575 748 2630 τῶν
770 2562 952 2649 βασιλέων,
981 2564 1037 2631 ὅτε
1060 2566 1115 2649 την

103 2664 251 2751 ἀνάγκην
274 2670 317 2734 ἄν
339 2693 389 2747 τις
410 2666 567 2756 ᾐτιάσατο
574 2719 585 2754 ,
612 2669 695 2736 ἀλλὰ
717 2667 774 2735 καὶ
795 2671 875 2754 μετὰ
897 2671 959 2754 τὴν
983 2669 1116 2737 ἐκείνων

103 2769 246 2858 ἐκβολὴν
264 2772 460 2861 ἐλευθερίαν
477 2775 639 2860 κτώμενοι
653 2784 692 2861 τῇ
705 2776 840 2861 πατρίδι
853 2771 909 2839 καὶ
922 2774 1116 2860 ἡγεμονίαν·

175 3006 191 3055 3
215 2999 379 3126 <σ>ήξμ>η
398 3001 421 3054 Β
475 3008 492 3056 4
512 2995 616 3084 ἕτέροις
634 3003 681 3056 Ba
701 3002 705 3075 Ι
727 3001 815 3126 λόγορ

104 3071 240 3144 βοολεύση
260 3089 283 3126 ο.
322 3075 426 3126 mtems
445 3072 505 3128 Em.
525 3074 607 3128 D1on.
625 3073 689 3127 114
712 3073 761 3128 sed
785 3090 820 3128 c.
841 3075 988 3127 Baumann
1011 3073 1047 3128 do
1066 3091 1117 3127 usu

102 3142 178 3198 mod.
197 3161 225 3212 p.
240 3147 274 3198 46
335 3150 368 3199 10
387 3143 470 3199 οὐδὲν
489 3144 541 3198 ΑΒ
560 3161 629 3200 corr.
649 3143 752 3199 Reiske
772 3146 777 3214 1
797 3144 902 3199 τούτων
922 3143 944 3198 O
963 3144 1116 3213 praeterB

106 3219 139 3270 12
159 3212 238 3287 <ἔχει
256 3213 352 3287 τὸ>Β
425 3221 458 3271 14
477 3215 512 3285 δὴ
533 3233 588 3273 om.
607 3215 629 3268 B
651 3219 655 3286 Ι
676 3211 719 3287 ἐκ]
740 3213 779 3277 είς
797 3231 820 3269 ο.
836 3215 924 3270 Cobet
942 3213 1008 3269 obs.
1024 3235 1050 3285 p.
1067 3220 1116 3269 182

105 3291 140 3341 16
163 3285 333 3356 λετώριοςΑ
356 3287 508 3356 ταιτώριος
526 3287 573 3341 Ba
652 3292 686 3340 21
710 3286 780 3355 πρὸς
799 3287 898 3358 αὐτοῦ]
917 3286 988 3357 πρὸς
1002 3283 1117 3340 Ἀτττίον

105 3373 129 3412 ο.
145 3356 266 3427 Sylburg
319 3361 353 3410 23
372 3355 409 3412 διν
423 3360 487 3414 add.
502 3357 525 3410 Β
542 3362 546 3426 Ι
566 3357 654 3413 verba
671 3356 738 3413 inde
757 3357 793 3412 ab
813 3357 863 3412 καὶ
880 3373 969 3426 usque
986 3357 1024 3412 ad
1042 3352 1118 3412 ἐλεο-

105 3430 210 3502 θερίαν
229 3445 282 3484 om.
301 3427 347 3480 Ba

816 3023 830 3065 ς
847 3001 917 3074 nal>
936 3001 959 3055 Β
1015 3009 1032 3058 8
1051 3022 1117 3073 τρο-
