2424 3848
527 139 694 226 -Ηέ
1050 177 1117 242 ωε

102 338 207 422 βδους
235 338 341 401 ἔκλινε
369 333 424 400 καὶ
451 335 511 401 τὸν
535 337 657 422 δίφρον
679 335 744 403 άπὸ
767 347 826 405 τοῦ
849 341 994 423 βήματος
1016 342 1116 424 ἔθηκε

102 440 204 528 χαμαὶ
229 438 295 522 [καὶ
317 441 425 507 πάντα
448 435 562 527 τᾶλλα,
585 434 636 519 οἷς
658 450 856 528 κοσμεῖσθαι
877 445 936 522 τὰς
958 444 1117 532 αὐτοκρά-

103 572 203 635 τορας
230 546 333 633 ἀρχάς
359 551 476 633 νόμος,
504 550 544 613 τά
571 544 632 633 μὲν
660 547 812 634 ε’μείωσε,
841 551 881 615 τά
909 548 938 615 δ’
967 549 1117 618 ἐκποδὼν

103 656 151 731 είς
178 651 272 730 τέλος
299 651 445 737 ἐποίησε]
476 655 579 737 δῆλον
607 656 708 720 ἅπασι
740 659 945 741 βουλόμενος
971 665 1118 741 ποιῆσαι,

103 759 155 826 ότι
178 770 245 825 τῶν
264 755 325 842 μὲν
344 761 455 825 ἄλλων
474 761 588 846 άρχειν
607 761 696 849 αὐτῷ
719 771 897 849 προσῆκεν,
919 764 985 830 ὐπὸ
1004 760 1041 829 δὲ
1059 771 1117 847 τῆς
1144 783 1156 824 ε

102 868 226 951 μητρὸς
245 866 420 950 άρχεσθαι·
440 866 527 932 ούτω
546 865 601 932 καὶ
619 876 684 933 νύν
701 871 813 952 τιμίαν
829 867 884 935 καὶ
897 873 1118 956 περίβλεπτόν

104 995 144 1055 με
166 973 331 1056 ποιήσετε,
353 970 409 1037 καὶ
427 973 646 1058 χαρισάμενος
667 975 729 1058 την
747 976 865 1059 κοινὴν
883 978 1025 1062 πατρίδα
1044 974 1119 1041 άντλ

104 1078 447 1162 κακοδαιμονεστάτης
469 1079 770 1164 εὐδαιμονεστάτην
792 1078 978 1159 ἀποδείξειέ
998 1105 1037 1165 με
1058 1102 1120 1146 πα-

104 1194 174 1248 σῶν
201 1194 379 1267 γυναικῶν.
429 1185 462 1248 εί
492 1180 530 1247 δὲ
562 1183 657 1249 ὅσιόν
684 1183 753 1249 έστι
784 1182 840 1249 καὶ
870 1188 1010 1271 θεμιτὸν
1041 1188 1155 1254 υίού4

105 1292 224 1372 γόνασι
246 1287 370 1374 μητέρα
393 1293 667 1376 προσκυλίεσθαι,
689 1288 744 1355 καὶ
762 1300 860 1357 τοῦτο
878 1289 933 1356 καλ
951 1300 1018 1357 πᾶν
1037 1293 1118 1358 άλλο
1133 1314 1160 1353 ιο

104 1397 262 1461 ταπεινὸν
289 1404 398 1480 σχῆμα
431 1393 487 1461 καὶ
518 1398 739 1482 λειτούργημα
770 1397 924 1481 ὑπομενῶ
958 1400 1120 1483 σωτηρίας

104 1501 201 1567 ἕνεκα
222 1511 281 1584 τῆς
302 1504 468 1588 πατρίδος.

170 1606 278 1672 LIIII.
324 1604 423 1673 Ταῦτ’
453 1609 592 1673 είποῦσα
623 1609 758 1695 ἔρριψεν
787 1606 908 1693 ἑαυτὴν
936 1608 1036 1696 χαμαὶ
1063 1608 1119 1675 καὶ

104 1711 325 1799 περιπλέξασα
352 1723 423 1790 ταῖς
449 1711 565 1799 χερσὶν
593 1713 794 1801 ἀμφοτέραις
822 1719 902 1794 τούς
927 1718 1033 1793 πόδας
1058 1725 1120 1782 τοῦ

104 1822 263 1905 Μαρκίου
286 1822 493 1904 κατεφίλησε.
538 1821 704 1904 πεσούσης
731 1817 761 1886 δ’
789 1821 890 1906 αὐτῆς
920 1823 958 1887 αί
977 1819 1039 1908 μὲν
1061 1847 1120 1907 γυ-
1134 1844 1159 1884 15

106 1936 217 2002 ναῖκες
234 1924 423 2010 ἀνεβόησαν
437 1927 504 2011 ἅμα
521 1935 624 1992 πᾶσαι
641 1929 791 1993 κωκυτὸν
810 1927 892 2007 ὀξὺν
906 1927 963 1994 καὶ
980 1933 1119 2016 μακρόν,

34 2032 143 2101 1632οί
163 2028 192 2096 δ’
217 2031 254 2097 έν
280 2040 325 2119 τῷ
353 2033 519 2121 συνεδρίω
541 2036 702 2118 παρόντες
727 2034 950 2100 Οὐολούσκων
979 2034 1040 2102 οὐκ
1062 2037 1120 2119 ἠν-

107 2137 243 2223 έσχοντο
267 2139 328 2222 τὴν
351 2137 494 2221 ἀήθειαν
520 2148 579 2224 τῆς
606 2142 730 2223 ὐύεως,
757 2138 828 2205 ἀλλ’
855 2138 1118 2227 ἀπεστράφησαν.

107 2245 207 2321 αὐτὸς
234 2241 264 2309 δ’
298 2243 315 2309 ὁ
343 2243 498 2329 Μάρκιος
524 2243 730 2330 ἀναλόμενος
756 2244 792 2310 έκ
818 2255 879 2312 τοῦ
911 2249 1034 2334 δίφρου
1065 2245 1121 2313 καὶ

107 2350 294 2436 περιπεσὼν
326 2358 364 2434 τῇ
397 2348 496 2436 μητρὶ
534 2348 708 2435 ἀνίστησιν
739 2352 845 2436 αὐτὴν
876 2351 940 2421 άπὸ
972 2362 1030 2438 τῆς
1060 2362 1122 2438 γῆς
1135 2373 1161 2412 ιο

108 2457 223 2541 ὀλίγον
246 2454 471 2541 ἐμπνέουσαν,
500 2454 556 2521 καὶ
582 2458 772 2543 περιβαλὼν
798 2455 854 2522 καὶ
879 2459 986 2524 πολλὰ
1009 2458 1121 2544 έκχέας

109 2563 237 2648 δάκρυα
259 2557 342 2626 εἷπε·
365 2566 485 2649 Νικᾷς,
509 2557 535 2626 ὦ
558 2571 672 2649 μῆτερ,
695 2563 756 2629 οὐκ
779 2563 899 2649 εὐτυχῆ
923 2567 1020 2648 νίκην
1044 2566 1120 2631 οὐτε

109 2677 230 2754 σεαυτῇ
254 2665 325 2734 οὐτ’
352 2667 438 2753 έμοί·
466 2671 528 2754 τὴν
550 2665 612 2754 μὲν
635 2670 698 2754 γὰρ
720 2671 863 2755 πατρίδα
885 2667 1041 2752 σέσωκας,
1065 2666 1121 2754 έμὲ

110 2770 147 2839 δὲ
183 2778 242 2841 τὸν
280 2773 400 2859 εὐσεβῆ
437 2773 494 2840 καὶ
530 2779 755 2861 φιλόστοργον
789 2776 867 2842 υίύν
903 2774 1121 2853 ἀπολώλεκας.

115 3011 118 3017 ’
182 3006 198 3054 2
217 3001 305 3056 verba
322 3001 371 3056 καλ
389 3001 483 3056 πάντα
502 3019 590 3071 usque
608 3002 645 3055 ad
663 3004 749 3071 δῆλον
768 3002 871 3056 Garrer
889 3000 954 3056 Obs.
973 3019 1000 3070 p.
1019 3008 1054 3056 33
1073 3002 1120 3056 de-

110 3071 181 3127 levit
289 3078 305 3127 5
324 3080 465 3143 προοῆκευ
484 3072 507 3128 0
530 3072 666 3144 προσήκει
683 3090 708 3153 μ.
726 3072 830 3127 Reiske
849 3072 884 3127 εί.
902 3070 1067 3140 Philologus
1087 3077 1120 3126 37

111 3161 138 3212 p.
154 3148 205 3197 331
279 3143 404 3217 6<κιιλ>
422 3144 445 3196 Β
466 3147 471 3213 Ι
495 3153 548 3199 νύν
567 3160 652 3213 supra
669 3143 718 3198 hn.
737 3144 784 3198 Ba
856 3140 918 3198 9εί
935 3141 967 3232 δὲ
986 3141 1121 3231 αὐφιονΟ

111 3211 455 3353 ὐδῖὐὲλῖδύωλε
474 3214 798 3356 άλελλῗυύίῗδλὲέ
799 3284 822 3337 B
876 3212 1123 3355 Ῑῖύλίλλλλῖλίἰ

111 3354 244 3479 εὲὲολὲεε
263 3355 327 3412 Obs.
347 3375 374 3426 p.
395 3362 445 3410 165
523 3362 556 3410 21
575 3357 733 3429 περιλαβὼν
753 3355 938 3424 OpraeterB
1018 3362 1051 3411 22
1072 3355 1122 3426 μὲν

113 3442 131 3478 a
172 3468 177 3480 ι
717 3448 720 3453 .
