2424 3848
445 158 665 236 ¹—ss-
1022 135 1089 247 εον

72 348 198 432 χρόνον
226 346 315 430 ἔφθη
343 346 380 410 τὸ
404 343 440 409 ἐν
464 342 618 431 Κρεμέρᾳ
641 344 806 430 φρούριον
830 339 1001 430 έξαιρεθέν
1023 345 1089 410 ὑπὸ
1169 339 1171 343 ⁴

72 463 141 517 τῶν
163 455 340 535 πολεμίων,
364 447 475 516 καὶτὸ
495 453 633 534 Φαβίων
651 448 748 534 γένος
766 450 853 515 ἀπαν
872 449 1090 535 ἀπολόμενον.

72 555 149 642 περὶ
179 553 217 622 δὲ
244 566 301 641 τῆς
328 556 555 641 κατασχούσης
578 559 655 632 τοὺς
677 556 801 643 ἀνδρας
826 564 998 643 συμφορᾶς
1022 558 1089 621 όιτ-

73 666 130 739 τὸς
152 661 286 750 φέρεται
310 666 418 747 λόγος,
442 663 460 728 ὁ
484 659 546 747 μέν
569 658 669 747 ἦττον
689 665 844 746 πιθανός,
868 663 886 729 ὁ
906 659 1089 747 δὲμᾶλλον

72 779 131 853 τῆς
154 769 312 853 ἀληθείας
335 768 526 852 ἁπτόμενος.
564 771 661 852 θησαν
680 765 712 834 θ’
733 768 854 846 αὐτοὺς
872 768 1089 856 ἀμφοτέρους,
1116 797 1131 838 τ

74 875 120 952 ὡς
141 874 340 960 παρέλαβον.

141 979 280 1046 XVIIII.
313 978 407 1058 Τινὲς
429 978 490 1066 μέν
518 976 580 1048 οὖν
603 999 718 1066 φασιν,
741 981 792 1046 ότι
815 983 938 1058 θυσίας
961 982 1089 1048 έπιστά-

74 1103 135 1170 σης
156 1091 313 1175 πατρίου,
335 1088 378 1171 ἣν
401 1089 469 1153 ἔδει
492 1091 530 1154 τὸ
556 1090 694 1172 Φαβίων
717 1085 899 1152 ἐπιτελέσαι
922 1084 1093 1172 γένος,οί

74 1190 137 1279 μέν
164 1194 283 1279 ἀνδρες
311 1192 454 1276 ἐξῆλθον
482 1193 617 1275 ὀλίγους
645 1192 841 1278 ἐπαγόμενοι
868 1192 1009 1269 πελάτας
1037 1192 1090 1258 έπλ

74 1301 114 1365 κά
144 1299 231 1386 ίερά,
257 1297 313 1365 καλ
337 1296 506 1386 προῄεσαν
530 1299 606 1364 οὔτε
631 1300 886 1385 διερευνώμενοι
909 1298 966 1375 τάς
989 1298 1089 1377 ὁδοὺς
1104 1327 1129 1367 ιο

74 1403 153 1472 οὔθ’
180 1407 245 1472 ὑπὸ
270 1410 424 1489 σημαίαις
446 1404 640 1489 τεταγμένοι
662 1406 743 1470 κατά
768 1409 901 1490 λόχους,
929 1406 1090 1494 ῥαθύμως

75 1509 114 1578 δέ
136 1510 190 1577 καὶ
213 1512 409 1598 ἀφνλάκτως
431 1512 476 1589 ὡς
499 1511 537 1577 έν
561 1513 675 1598 είρηνη
696 1534 731 1576 τε
749 1509 805 1576 καὶ
825 1513 881 1577 όιά
899 1516 1012 1597 φιλίας
1029 1522 1090 1597 γης

24 1622 303 1703 194πορευόμενοι.
340 1620 375 1684 οί
391 1615 428 1684 δὲ
451 1615 617 1705 Τυρρηνοί
635 1605 881 1702 προεγνωκότες
899 1619 1009 1684 αὐτῶν
1028 1620 1125 1703 τὴν2

75 1725 193 1804 ἔξοδον
217 1724 379 1809 ἐλόχησαν
401 1731 459 1807 τῆς
482 1724 565 1789 ὁδοῦ
588 1727 713 1811 χωρίον
735 1722 827 1811 μέρει
850 1735 907 1809 της
926 1734 1090 1813 στρατιᾶς,

74 1833 135 1915 την
155 1828 192 1896 δέ
213 1832 333 1914 λοιπὴν
351 1832 496 1915 δύναμιν
515 1829 780 1916 συντεταγμένην
800 1833 929 1916 έχοντες
951 1831 992 1898 οὐ
1010 1837 1090 1899 πολ-
1105 1856 1130 1898 15

74 1944 122 2026 λῷ
147 1938 288 2024 ὕστερον
310 1937 532 2021 ἠκολούθουν.
574 1937 620 2014 ὡς
642 1934 895 2020 θ”έπλησίασαν
914 1939 950 2003 οί
967 1939 1091 2021 Φάβιοι
1179 1938 1186 1954 ’

74 2057 147 2121 ταῖς
176 2042 341 2128 ἐνέδραις,
372 2042 605 2122 έξαναστάντες
636 2053 696 2108 τοῦ
728 2047 829 2128 λόχου
858 2045 893 2108 οί
923 2042 1090 2128 Τυρρηνοὶ

74 2153 339 2235 προσπίπτουσιν
371 2149 497 2233 αὐτοῖς,
530 2149 566 2213 οί
594 2144 656 2232 μὲν
688 2149 769 2213 κατά
796 2146 963 2232 μέτωπον,
995 2149 1031 2213 οί
1055 2147 1086 2213 δ’

76 2255 112 2321 έκ
147 2266 215 2321 τῶν
250 2257 415 2339 πλαγίαν,
449 2252 504 2319 καλ
536 2250 605 2338 μετ’
637 2254 677 2319 οὐ
708 2256 794 2318 πολὺ
826 2253 848 2336 ἡ
880 2263 947 2318 τῶν
978 2253 1089 2319 ἀλλων

80 2365 264 2449 Τυρρηνῶν
291 2362 432 2444 όύναμις
458 2358 662 2447 προσέβαλεν
690 2358 726 2424 ἐκ
753 2369 820 2424 τῶν
848 2360 999 2423 κατόπιν·
1034 2356 1089 2424 καὶ
1103 2384 1130 2424 νο

75 2467 287 2553 περιστάντες
318 2467 429 2543 αὐτοῖς
460 2468 687 2550 πανταχόθεν,
719 2465 755 2530 οί
783 2460 844 2548 μέν
877 2465 1089 2547 σφενδόναις,

76 2576 112 2639 οί
138 2570 175 2638 δέ
197 2572 320 2656 τόξοις,
348 2573 384 2637 οί
408 2568 445 2636 δέ
474 2575 624 2649 σαυνίοις
646 2594 680 2635 τε
703 2568 759 2635 καὶ
783 2575 916 2655 λόγχαις
938 2574 1089 2655 στοχαζόι

76 2704 188 2765 μενοι,
215 2687 260 2768 τῷ
288 2682 410 2762 πληθει
432 2689 500 2744 τῶν
521 2682 629 2763 βελῶν
652 2679 799 2754 ἅπαντας
823 2675 1087 2762 κατειργάσαντο.

77 2781 176 2862 οὗτος
204 2781 265 2869 μέν
296 2779 358 2850 οὖν
386 2779 485 2868 ηττον
513 2787 624 2868 ἔμοιγε
650 2786 796 2860 πιθανὸς
822 2786 975 2869 φαίνεται
1003 2777 1123 2853 είναι3

76 2895 185 2975 λόγος.
222 2892 297 2957 οὔτε
321 2892 384 2977 γάρ
407 2890 494 2966 εἰκὸς
516 2888 580 2954 ἀπὸ
605 2882 972 2975 στρατοπέδουθυσίας
994 2887 1090 2954 ἕνεκα
1104 2908 1131 2950 ιτ

151 3160 166 3208 7
186 3149 237 3207 οὖν
256 3153 320 3208 add.
341 3152 363 3205 B
419 3158 449 3207 11
471 3153 598 3221 σημείαις
615 3151 641 3204 Α
659 3157 759 3220 σημεῖα
778 3151 801 3204 Β
817 3154 822 3220 Ι
839 3149 973 3225 ῥᾳθύμως
990 3169 1019 3204 τε
1037 3149 1089 3204 Ac

78 3223 102 3296 ᾇ.
123 3223 155 3279 δέ
173 3223 197 3277 Β
283 3228 319 3277 14
337 3217 466 3292 ἔλόχισαν
485 3222 508 3274 Β
592 3228 623 3276 17
644 3219 673 3276 οἱ
692 3221 832 3292 Τυρρηνοὶ
850 3218 1039 3293 προσέβαλλον
1059 3216 1090 3274 έκ

77 3305 133 3351 τῶν
153 3295 272 3350 κατόπιν
291 3293 317 3346 A
388 3300 422 3348 20
441 3291 626 3365 προσέβαλεν]
645 3289 833 3365 προσέβαλλεν
851 3292 899 3346 Ba
916 3289 1090 3362 προσέπεσον

79 3367 99 3421 G
113 3364 308 3438 προσέβαλλον
327 3363 409 3435 Cmg,
428 3367 513 3455 temp.
529 3381 619 3433 praes.
638 3364 860 3434 προσπίπτουσιν
876 3364 1036 3432 suspectum
1048 3362 1089 3417 vi·

80 3439 163 3492 detur
181 3454 242 3492 esse
315 3443 349 3491 23
369 3451 582 3506 κατηργασαντο
600 3435 647 3488 Ba

877 3521 930 3575 20*
