2378 3840
99 193 165 258 332
523 190 690 243 -Θ-

99 351 215 439 μένγε
234 357 439 435 πολεμῶμεν,
462 354 540 427 τοὺς
558 349 701 436 έχθροὺς
718 362 825 428 κακῶς
842 361 1020 436 ποιοῦμεν,
1037 353 1106 418 ὅταν
1134 359 1138 366 ’

63 456 132 525 ὁδ’
159 459 297 541 εἰρήνην
320 458 470 541 ἀγωμεν,
491 460 571 534 τοὺς
593 461 722 541 φίλους.
767 461 890 540 καίτοι,
914 452 941 521 ὦ
965 460 1106 542 δημόται,

99 566 132 628 εί
153 559 214 647 μὲν
237 563 366 628 ἅπαντα
388 565 428 628 τά
451 565 661 647 βουλεύματα
679 573 739 629 τοῦ
758 565 940 649 συνεδρίου
959 565 1045 629 καλά
1062 561 1105 629 καλ

100 665 313 753 συμφέροντα
342 666 473 752 ἡγεῖσθ’
503 664 606 753 εἶναι,
638 669 747 754 ὥσπερ
777 666 861 752 ἐστί,
893 671 931 734 τί
957 668 1036 755 οὐχὶ
1062 666 1105 735 καλ

72 770 197 838 ετοῦθ’
227 773 265 838 ἓν
292 771 325 850 ἐξ
353 775 463 839 αὐτῶν
489 771 731 858 ὑπολαμβάνετ’
758 769 859 851 εἶναι;
892 775 926 838 εί
952 771 991 840 δέ
1014 771 1105 860 μηδέν

101 877 212 955 ἁπλῶς
234 879 296 961 τὴν
319 880 447 963 βουλὴν
469 890 536 945 τῶν
559 881 706 945 δεόντων
729 885 842 945 οίεσθε
861 893 1017 965 φρονεῖν,
1040 875 1147 946 ἀλλίαθ

101 987 246 1069 αἰσχρῶς
267 982 322 1050 καλ
343 997 451 1061 κακῶς
467 987 528 1069 τὴν
547 988 645 1051 πόλιν
664 985 903 1071 ἐπιτροπεύειν,
928 991 965 1052 τί
980 981 1102 1070 δήποτ’

101 1088 177 1175 οὐχὶ
199 1091 479 1175 μεταστησάμενοι
502 1091 607 1175 αύτὴν
630 1090 775 1175 ἀθρόαν,
803 1089 900 1156 αὑτοὶ
923 1093 1040 1178 ἀρχετε
1061 1087 1106 1157 καλ

101 1197 276 1280 βουλεύετε
303 1195 358 1262 καὶ
385 1201 463 1274 τοὺς
489 1194 573 1283 ὑπὲρ
600 1206 657 1282 τῆς
678 1196 855 1281 ἡγεμονίας
877 1197 1046 1283 πολέμους
1066 1197 1106 1263 έ-

61 1324 88 1364 ιο
102 1302 235 1387 φέρετε,
262 1303 346 1368 ἀλλά
372 1306 571 1389 περικνίζετε
599 1303 702 1386 αὑτὴν
729 1301 785 1368 καλ
812 1303 894 1367 κατά
920 1305 1024 1388 μικρά
1047 1306 1107 1369 δια-

101 1410 195 1474 λύετε
214 1412 293 1487 τοὺς
308 1407 589 1494 ἐπιφανεστάτους
603 1407 842 1495 ἀναρπάζοντες
856 1406 894 1473 έν
906 1421 981 1486 ταῖς
996 1412 1107 1486 δίκαις

101 1516 238 1599 άμεανον
271 1516 333 1600 γὰρ
363 1510 406 1598 ἡν
436 1517 559 1581 άπασιν
588 1516 669 1600 ἡμῖν
698 1522 793 1599 κοινῇ
822 1519 1064 1599 πολεμεῖσθαι,
1092 1515 1107 1598 ἡ

66 1619 177 1690 6καθ’
201 1621 259 1686 ἕνα
282 1619 420 1685 ἕκαστον
444 1621 514 1707 ἰδίᾳ
537 1627 829 1707 συκοφαντεῖσθαι.
866 1620 953 1686 ἀλλά
972 1611 1036 1710 γάρ
1055 1622 1109 1706 οὑη

99 1725 194 1809 ὑμεῖς
217 1732 316 1790 αἴτιοι
338 1725 483 1808 τούτων,
512 1727 622 1813 ὥσπερ
646 1729 748 1813 έφην,
774 1724 846 1791 ἀλλ’
874 1727 911 1791 οί
933 1728 1110 1812 συνταράτ-

60 1850 86 1892 ιι
99 1852 211 1906 τοντες
246 1829 332 1914 ὑμᾶς
367 1828 559 1914 δημαγωγοὶ
595 1830 666 1897 οὔτ’
699 1835 861 1919 ἄρχεσθαι
892 1831 1111 1917 ὑπομένοντες

100 1933 172 2002 οὔτ’
206 1936 320 2022 ἀρχειν
352 1933 486 2009 εἰδότες.
534 1931 590 1999 καὶ
621 1935 703 2000 ὅσον
735 1933 797 2021 μὲν
828 1933 881 2001 έπλ
914 1945 953 2022 τῇ
988 1939 1111 2004 τούτων

102 2041 277 2128 ἀφροσύνη
304 2062 339 2104 τε
367 2037 421 2104 καὶ
451 2040 583 2128 ἀπειρίᾳ
610 2042 769 2120 πολλάκις
795 2042 837 2108 ἀν
864 2042 946 2127 ὑμίν
973 2047 1051 2110 τόδε
1077 2045 1110 2109 τό

101 2148 226 2232 σκάφος
249 2146 430 2230 ἀνετράπη,
458 2156 522 2213 νῦν
546 2145 576 2212 δ’
602 2147 623 2230 ἡ
647 2148 687 2211 τὰ
709 2150 838 2214 τούτων
862 2150 1038 2234 σφάλματα
1061 2149 1112 2215 ἕπ-

101 2259 294 2337 ανορθοὺσα
330 2251 382 2317 καλ
422 2252 459 2318 έν
495 2254 582 2339 ὀρθῇ
615 2252 803 2339 παρέχουσα
834 2254 916 2339 ὑμῖν
947 2265 988 2340 τῇ
1020 2259 1112 2322 πόλει

60 2378 87 2419 so
101 2359 252 2444 (πλεῖν),
281 2358 301 2442 ἡ
331 2364 467 2425 πλείστα
498 2361 592 2425 δεινά
621 2359 677 2426 ὑπ’
704 2361 815 2426 αὑτῶν
846 2360 1017 2428 ἀκούουσά
1046 2362 1112 2428 ἐστι

65 2468 216 2549 λβουλὴ.
248 2463 337 2531 ταῦτ’
358 2463 423 2531 εἴθ’
445 2463 526 2548 ἡδέα
545 2465 635 2533 ἐστὶν
652 2468 733 2552 ὑμῖν
752 2466 887 2533 ἀκούειν
906 2465 965 2532 εἴτ’
984 2467 1113 2555 ἀνιαρά,

101 2573 181 2656 μετὰ
204 2571 311 2655 πάσης
332 2572 492 2658 ἀληθείας
514 2578 644 2657 είρηταί
662 2598 720 2658 μοι
741 2575 796 2638 καλ
819 2575 1028 2657 τετόλμηται·
1060 2571 1112 2639 καλ

100 2682 227 2760 μᾶλλον
255 2678 411 2763 αίροίμηυ
438 2677 479 2744 ἀν
506 2682 674 2766 παρρησίᾳ
701 2680 916 2765 συμφερούση
943 2688 989 2766 τῷ
1012 2687 1150 2768 κοινῷιθ

100 2784 270 2869 χρώμενος
298 2783 497 2867 άποθανείυ,
527 2783 547 2868 ἡ
574 2785 614 2849 τά
640 2787 723 2871 πρὸς
749 2784 875 2868 ἡδουὴν
902 2784 985 2868 ὑμῖν
1009 2785 1114 2870 λέγων

59 2905 87 2948 τε
100 2889 301 2955 σεσῶσθαι.“

173 3157 189 3205 3
208 3151 282 3206 καλὰ
300 3151 349 3205 καλ
368 3169 421 3207 om.
437 3153 460 3205 B
515 3157 531 3206 5
551 3147 580 3218 ἐξ
600 3147 739 3222 ἑκατέρων
757 3151 804 3205 Ba
822 3146 851 3218 έξ
871 3152 962 3206 αὑτῶν
978 3152 1004 3205 R
1020 3153 1024 3226 Ι
1041 3151 1114 3209 εἶναι

100 3221 156 3278 del.
168 3222 257 3277 Cobet
271 3221 336 3277 obs.
351 3230 442 3291 p.1'19
494 3228 526 3276 12
542 3217 578 3291 ἡν
592 3239 645 3277 om.
657 3223 679 3274 B
732 3227 764 3276 15
779 3222 940 3292 δημαγωγοὶ
954 3224 1003 3278 καλ
1017 3225 1113 3280 ούτεΒ

102 3299 136 3347 18
156 3292 191 3362 δὴ
210 3294 257 3346 Ba
275 3293 307 3348 δὲ
326 3293 402 3346 ABb
422 3292 451 3347 δ’
467 3293 485 3362 ἡ
504 3293 627 3360 Reisko'l
647 3292 734 3346 verba
753 3312 827 3362 ματα
845 3290 1048 3362 ἐπανορθοῦσα
1066 3295 1115 3350 καὶ

101 3359 133 3418 ἒν
153 3365 227 3435 ὀρθῇ
246 3362 407 3433 παρέχουσα
431 3381 485 3418 om.
504 3364 550 3418 Ba
626 3369 661 3417 20
684 3367 764 3417 πλεῖν
783 3366 850 3419 ante
868 3364 1031 3434 παρέχουσα
1049 3366 1114 3422 add.

101 3435 214 3504 Reiske,
234 3450 287 3504 ego
306 3436 372 3505 post
389 3432 470 3488 πόλει
487 3433 594 3487 inserui
617 3437 622 3502 Ι
645 3432 662 3500 ἡ
683 3450 736 3488 om.
755 3433 803 3486 Ba
894 3487 897 3492 ,
