<?xml version="1.0" encoding="UTF-8"?>
<!DOCTYPE html PUBLIC "-//W3C//DTD XHTML 1.0 Transitional//EN"
    "http://www.w3.org/TR/xhtml1/DTD/xhtml1-transitional.dtd">
<html xmlns="http://www.w3.org/1999/xhtml" xml:lang="en" lang="en">
 <head>
  <title>
</title>
<meta http-equiv="Content-Type" content="text/html;charset=utf-8" />
  <meta name='ocr-system' content='tesseract 3.04.00' />
  <meta name='ocr-capabilities' content='ocr_page ocr_carea ocr_par ocr_line ocrx_word'/>
</head>
<body>
  <div class='ocr_page' id='page_1' title='image "./dionysihalicarn04diongoog_0112.png"; bbox 0 0 2424 3848; ppageno 0'>
   <div class='ocr_carea' id='block_1_1' title="bbox 530 195 1118 259">
    <p class='ocr_par' dir='ltr' id='par_1_1' title="bbox 530 195 1118 259">
     <span class='ocr_line' id='line_1_1' title="bbox 530 195 1118 259; baseline -0.007 3"><span class='ocrx_word' id='word_1_1' title='bbox 530 200 696 248; x_wconf 82' lang='grc' dir='ltr'><strong><em>-Ζ-</em></strong></span> <span class='ocrx_word' id='word_1_2' title='bbox 1056 195 1118 259; x_wconf 89' lang='grc'><strong><em>101</em></strong></span> 
     </span>
    </p>
   </div>
   <div class='ocr_carea' id='block_1_2' title="bbox 47 349 1166 2890">
    <p class='ocr_par' dir='ltr' id='par_1_2' title="bbox 47 349 1164 1933">
     <span class='ocr_line' id='line_1_2' title="bbox 47 349 1133 442; baseline -0.003 -16"><span class='ocrx_word' id='word_1_3' title='bbox 47 361 180 434; x_wconf 75' lang='grc' dir='ltr'><strong><em>ιιιιλους</em></strong></span> <span class='ocrx_word' id='word_1_4' title='bbox 202 355 260 422; x_wconf 81' lang='grc' dir='ltr'><strong><em>καὶ</em></strong></span> <span class='ocrx_word' id='word_1_5' title='bbox 283 367 350 422; x_wconf 80' lang='grc' dir='ltr'><strong><em>τῶν</em></strong></span> <span class='ocrx_word' id='word_1_6' title='bbox 373 357 485 421; x_wconf 89' lang='grc' dir='ltr'><strong><em>ἀλλων</em></strong></span> <span class='ocrx_word' id='word_1_7' title='bbox 507 363 652 422; x_wconf 81' lang='grc' dir='ltr'><strong><em>πολιτῶν</em></strong></span> <span class='ocrx_word' id='word_1_8' title='bbox 674 349 725 435; x_wconf 89' lang='grc' dir='ltr'><strong><em>οίς</em></strong></span> <span class='ocrx_word' id='word_1_9' title='bbox 741 353 784 441; x_wconf 85' lang='grc' dir='ltr'><strong><em>ήν</em></strong></span> <span class='ocrx_word' id='word_1_10' title='bbox 803 356 1021 442; x_wconf 75' lang='grc' dir='ltr'><strong><em>βουλομένοις</em></strong></span> <span class='ocrx_word' id='word_1_11' title='bbox 1039 357 1133 423; x_wconf 62' lang='grc' dir='ltr'><strong><em>ἀπο-1</em></strong></span> 
     </span>
     <span class='ocr_line' id='line_1_3' title="bbox 102 464 1120 550; baseline 0 -22"><span class='ocrx_word' id='word_1_12' title='bbox 102 465 227 530; x_wconf 85' lang='grc' dir='ltr'><strong><em>λαῦσαί</em></strong></span> <span class='ocrx_word' id='word_1_13' title='bbox 250 486 282 528; x_wconf 93' lang='grc' dir='ltr'><strong><em>τι</em></strong></span> <span class='ocrx_word' id='word_1_14' title='bbox 310 471 368 548; x_wconf 89' lang='grc' dir='ltr'><strong><em>τής</em></strong></span> <span class='ocrx_word' id='word_1_15' title='bbox 393 472 454 528; x_wconf 83' lang='grc' dir='ltr'><strong><em>τοῦ</em></strong></span> <span class='ocrx_word' id='word_1_16' title='bbox 482 473 666 548; x_wconf 78' lang='grc' dir='ltr'><strong><em>στρατηγοῦ</em></strong></span> <span class='ocrx_word' id='word_1_17' title='bbox 691 465 791 550; x_wconf 80' lang='grc' dir='ltr'><em>τύχης</em></span> <span class='ocrx_word' id='word_1_18' title='bbox 814 465 896 529; x_wconf 89' lang='grc' dir='ltr'><strong><em>κατά</em></strong></span> <span class='ocrx_word' id='word_1_19' title='bbox 918 465 957 529; x_wconf 88' lang='grc' dir='ltr'><strong><em>τά</em></strong></span> <span class='ocrx_word' id='word_1_20' title='bbox 980 464 1120 548; x_wconf 86' lang='grc' dir='ltr'><strong><em>πολέμια</em></strong></span> 
     </span>
     <span class='ocr_line' id='line_1_4' title="bbox 101 565 1121 657; baseline 0 -22"><span class='ocrx_word' id='word_1_21' title='bbox 101 568 155 635; x_wconf 82' lang='grc' dir='ltr'><strong><em>καί</em></strong></span> <span class='ocrx_word' id='word_1_22' title='bbox 184 569 311 653; x_wconf 84' lang='grc' dir='ltr'><strong><em>ἀρετής.</em></strong></span> <span class='ocrx_word' id='word_1_23' title='bbox 357 569 402 646; x_wconf 79' lang='grc' dir='ltr'><strong><em>ὡς</em></strong></span> <span class='ocrx_word' id='word_1_24' title='bbox 428 565 458 634; x_wconf 90' lang='grc' dir='ltr'><strong><em>δ’</em></strong></span> <span class='ocrx_word' id='word_1_25' title='bbox 486 569 575 656; x_wconf 79' lang='grc' dir='ltr'><strong><em>αὐτῷ</em></strong></span> <span class='ocrx_word' id='word_1_26' title='bbox 594 568 674 657; x_wconf 44' lang='grc' dir='ltr'><strong><em>,χεὶρ</em></strong></span> <span class='ocrx_word' id='word_1_27' title='bbox 702 569 878 656; x_wconf 80' lang='grc' dir='ltr'><strong><em>ἀξιόμαχος</em></strong></span> <span class='ocrx_word' id='word_1_28' title='bbox 906 569 1014 636; x_wconf 87' lang='grc' dir='ltr'><strong><em>ἐδόκει</em></strong></span> <span class='ocrx_word' id='word_1_29' title='bbox 1042 588 1121 636; x_wconf 88' lang='grc' dir='ltr'><strong><em>συν-</em></strong></span> 
     </span>
     <span class='ocr_line' id='line_1_5' title="bbox 102 672 1121 762; baseline 0.001 -21"><span class='ocrx_word' id='word_1_30' title='bbox 102 673 320 762; x_wconf 84' lang='grc' dir='ltr'><strong><em>εληλυθέναι,</em></strong></span> <span class='ocrx_word' id='word_1_31' title='bbox 351 684 498 760; x_wconf 86' lang='grc' dir='ltr'><strong><em>προήγεν</em></strong></span> <span class='ocrx_word' id='word_1_32' title='bbox 530 672 584 740; x_wconf 81' lang='grc' dir='ltr'><strong><em>ἐπὶ</em></strong></span> <span class='ocrx_word' id='word_1_33' title='bbox 616 677 695 752; x_wconf 76' lang='grc' dir='ltr'><strong><em>τοὺς</em></strong></span> <span class='ocrx_word' id='word_1_34' title='bbox 725 679 904 760; x_wconf 91' lang='grc' dir='ltr'><strong><em>πολεμίους</em></strong></span> <span class='ocrx_word' id='word_1_35' title='bbox 935 675 1040 742; x_wconf 85' lang='grc' dir='ltr'><strong><em>οὐθέν</em></strong></span> <span class='ocrx_word' id='word_1_36' title='bbox 1070 698 1121 741; x_wconf 87' lang='grc' dir='ltr'><strong><em>πω</em></strong></span> 
     </span>
     <span class='ocr_line' id='line_1_6' title="bbox 102 757 1162 871; baseline 0.001 -24"><span class='ocrx_word' id='word_1_37' title='bbox 102 782 307 868; x_wconf 89' lang='grc' dir='ltr'><strong><em>προειδότας.</em></strong></span> <span class='ocrx_word' id='word_1_38' title='bbox 353 779 506 865; x_wconf 85' lang='grc' dir='ltr'><strong><em>ἐμβαλὼν</em></strong></span> <span class='ocrx_word' id='word_1_39' title='bbox 539 778 569 845; x_wconf 89' lang='grc' dir='ltr'><strong><em>δ’</em></strong></span> <span class='ocrx_word' id='word_1_40' title='bbox 601 783 648 857; x_wconf 85' lang='grc' dir='ltr'><strong><em>είς</em></strong></span> <span class='ocrx_word' id='word_1_41' title='bbox 680 782 791 867; x_wconf 83' lang='grc' dir='ltr'><strong><em>χώραν</em></strong></span> <span class='ocrx_word' id='word_1_42' title='bbox 820 787 954 848; x_wconf 83' lang='grc' dir='ltr'><strong><em>πολλῶν</em></strong></span> <span class='ocrx_word' id='word_1_43' title='bbox 984 757 1162 871; x_wconf 52' lang='grc' dir='ltr'><strong><em>ἀγαθωνξ</em></strong></span> 
     </span>
     <span class='ocr_line' id='line_1_7' title="bbox 104 879 1123 975; baseline 0.001 -21"><span class='ocrx_word' id='word_1_44' title='bbox 104 889 228 974; x_wconf 85' lang='grc' dir='ltr'><strong><em>μεστήν</em></strong></span> <span class='ocrx_word' id='word_1_45' title='bbox 260 890 440 972; x_wconf 87' lang='grc' dir='ltr'><strong><em>γενόμενος</em></strong></span> <span class='ocrx_word' id='word_1_46' title='bbox 471 886 627 971; x_wconf 76' lang='grc' dir='ltr'><strong><em>ἀφθόνου</em></strong></span> <span class='ocrx_word' id='word_1_47' title='bbox 661 892 749 965; x_wconf 80' lang='grc' dir='ltr'><strong><em>λείας</em></strong></span> <span class='ocrx_word' id='word_1_48' title='bbox 779 879 903 975; x_wconf 64' lang='grc' dir='ltr'><strong><em>κύριος’</em></strong></span> <span class='ocrx_word' id='word_1_49' title='bbox 923 887 1022 974; x_wconf 79' lang='grc' dir='ltr'><strong><em>ἐφῆκε</em></strong></span> <span class='ocrx_word' id='word_1_50' title='bbox 1053 901 1123 967; x_wconf 80' lang='grc' dir='ltr'><strong><em>τοῖς</em></strong></span> 
     </span>
     <span class='ocr_line' id='line_1_8' title="bbox 106 991 1125 1082; baseline 0 -21"><span class='ocrx_word' id='word_1_51' title='bbox 106 996 318 1082; x_wconf 82' lang='grc' dir='ltr'><strong><em>στρατιώταις</em></strong></span> <span class='ocrx_word' id='word_1_52' title='bbox 341 995 470 1059; x_wconf 86' lang='grc' dir='ltr'><strong><em>ἀπαντα</em></strong></span> <span class='ocrx_word' id='word_1_53' title='bbox 492 995 532 1059; x_wconf 89' lang='grc' dir='ltr'><strong><em>τά</em></strong></span> <span class='ocrx_word' id='word_1_54' title='bbox 555 992 728 1078; x_wconf 78' lang='grc' dir='ltr'><strong><em>ληφθέντα</em></strong></span> <span class='ocrx_word' id='word_1_55' title='bbox 751 997 1000 1080; x_wconf 87' lang='grc' dir='ltr'><strong><em>διανείμασθαι,</em></strong></span> <span class='ocrx_word' id='word_1_56' title='bbox 1022 991 1067 1061; x_wconf 76' lang='grc' dir='ltr'><strong><em>ἵν’</em></strong></span> <span class='ocrx_word' id='word_1_57' title='bbox 1091 997 1125 1061; x_wconf 84' lang='grc' dir='ltr'><strong><em>οί</em></strong></span> 
     </span>
     <span class='ocr_line' id='line_1_9' title="bbox 106 1099 1123 1188; baseline 0.001 -21"><span class='ocrx_word' id='word_1_58' title='bbox 106 1099 164 1186; x_wconf 77' lang='grc' dir='ltr'><strong><em>μέν</em></strong></span> <span class='ocrx_word' id='word_1_59' title='bbox 195 1101 421 1188; x_wconf 77' lang='grc' dir='ltr'><strong><em>συναράμενοι</em></strong></span> <span class='ocrx_word' id='word_1_60' title='bbox 451 1110 512 1166; x_wconf 85' lang='grc' dir='ltr'><strong><em>τοῦ</em></strong></span> <span class='ocrx_word' id='word_1_61' title='bbox 541 1102 640 1185; x_wconf 83' lang='grc' dir='ltr'><strong><em>ἔργον</em></strong></span> <span class='ocrx_word' id='word_1_62' title='bbox 671 1103 730 1168; x_wconf 90' lang='grc' dir='ltr'><strong><em>τὸν</em></strong></span> <span class='ocrx_word' id='word_1_63' title='bbox 759 1113 826 1167; x_wconf 84' lang='grc' dir='ltr'><strong><em>τῶν</em></strong></span> <span class='ocrx_word' id='word_1_64' title='bbox 854 1105 967 1167; x_wconf 93' lang='grc' dir='ltr'><strong><em>πόνων</em></strong></span> <span class='ocrx_word' id='word_1_65' title='bbox 995 1105 1123 1187; x_wconf 91' lang='grc' dir='ltr'><strong><em>καρπὸν</em></strong></span> 
     </span>
     <span class='ocr_line' id='line_1_10' title="bbox 105 1205 1124 1294; baseline -0.002 -20"><span class='ocrx_word' id='word_1_66' title='bbox 105 1207 321 1294; x_wconf 78' lang='grc' dir='ltr'><strong><em>κομισάμενοι</em></strong></span> <span class='ocrx_word' id='word_1_67' title='bbox 343 1207 527 1293; x_wconf 74' lang='grc' dir='ltr'><strong><em>προθύμως</em></strong></span> <span class='ocrx_word' id='word_1_68' title='bbox 549 1205 603 1272; x_wconf 81' lang='grc' dir='ltr'><strong><em>ἐπὶ</em></strong></span> <span class='ocrx_word' id='word_1_69' title='bbox 626 1208 683 1284; x_wconf 89' lang='grc' dir='ltr'><strong><em>τάς</em></strong></span> <span class='ocrx_word' id='word_1_70' title='bbox 705 1208 807 1284; x_wconf 88' lang='grc' dir='ltr'><strong><em>ἀλλας</em></strong></span> <span class='ocrx_word' id='word_1_71' title='bbox 830 1211 999 1289; x_wconf 84' lang='grc' dir='ltr'><strong><em>στρατείας</em></strong></span> <span class='ocrx_word' id='word_1_72' title='bbox 1021 1207 1124 1273; x_wconf 91' lang='grc' dir='ltr'><strong><em>ἀπαν-</em></strong></span> 
     </span>
     <span class='ocr_line' id='line_1_11' title="bbox 105 1311 1163 1399; baseline 0 -17"><span class='ocrx_word' id='word_1_73' title='bbox 105 1327 220 1382; x_wconf 82' lang='grc' dir='ltr'><strong><em>τῶσιν·</em></strong></span> <span class='ocrx_word' id='word_1_74' title='bbox 241 1315 277 1380; x_wconf 89' lang='grc' dir='ltr'><strong><em>οί</em></strong></span> <span class='ocrx_word' id='word_1_75' title='bbox 292 1311 323 1379; x_wconf 88' lang='grc' dir='ltr'><strong><em>δ’</em></strong></span> <span class='ocrx_word' id='word_1_76' title='bbox 341 1313 586 1398; x_wconf 77' lang='grc' dir='ltr'><strong><em>ἀποκνήσαντες</em></strong></span> <span class='ocrx_word' id='word_1_77' title='bbox 600 1312 860 1399; x_wconf 81' lang='grc' dir='ltr'><strong><em>ἐνθυμηθέντες,</em></strong></span> <span class='ocrx_word' id='word_1_78' title='bbox 879 1314 968 1379; x_wconf 82' lang='grc' dir='ltr'><strong><em>ὅσων</em></strong></span> <span class='ocrx_word' id='word_1_79' title='bbox 983 1313 1121 1398; x_wconf 78' lang='grc' dir='ltr'><strong><em>ἀγαθῶν</em></strong></span> <span class='ocrx_word' id='word_1_80' title='bbox 1138 1342 1163 1382; x_wconf 80' lang='grc' dir='ltr'><strong><em>ιο</em></strong></span> 
     </span>
     <span class='ocr_line' id='line_1_12' title="bbox 106 1419 1123 1505; baseline -0.003 -17"><span class='ocrx_word' id='word_1_81' title='bbox 106 1423 219 1498; x_wconf 82' lang='grc' dir='ltr'><strong><em>αὐτοῖς</em></strong></span> <span class='ocrx_word' id='word_1_82' title='bbox 242 1420 317 1499; x_wconf 85' lang='grc' dir='ltr'><strong><em>ἐξὸν</em></strong></span> <span class='ocrx_word' id='word_1_83' title='bbox 340 1424 549 1505; x_wconf 72' lang='grc' dir='ltr'><strong><em>μεταλαβεῖν,</em></strong></span> <span class='ocrx_word' id='word_1_84' title='bbox 572 1420 628 1484; x_wconf 89' lang='grc' dir='ltr'><strong><em>διά</em></strong></span> <span class='ocrx_word' id='word_1_85' title='bbox 646 1422 683 1487; x_wconf 90' lang='grc' dir='ltr'><strong><em>τὸ</em></strong></span> <span class='ocrx_word' id='word_1_86' title='bbox 703 1420 889 1499; x_wconf 81' lang='grc' dir='ltr'><strong><em>στασιάζειν</em></strong></span> <span class='ocrx_word' id='word_1_87' title='bbox 908 1419 1123 1505; x_wconf 88' lang='grc' dir='ltr'><strong><em>ἀπεκωλύθη-</em></strong></span> 
     </span>
     <span class='ocr_line' id='line_1_13' title="bbox 105 1524 1124 1612; baseline -0.002 -18"><span class='ocrx_word' id='word_1_88' title='bbox 105 1546 165 1595; x_wconf 93' lang='grc' dir='ltr'><strong><em>σαν</em></strong></span> <span class='ocrx_word' id='word_1_89' title='bbox 199 1529 248 1604; x_wconf 88' lang='grc' dir='ltr'><strong><em>είς</em></strong></span> <span class='ocrx_word' id='word_1_90' title='bbox 279 1528 336 1604; x_wconf 87' lang='grc' dir='ltr'><strong><em>τάς</em></strong></span> <span class='ocrx_word' id='word_1_91' title='bbox 366 1527 484 1603; x_wconf 84' lang='grc' dir='ltr'><strong><em>λοιπάς</em></strong></span> <span class='ocrx_word' id='word_1_92' title='bbox 513 1525 648 1604; x_wconf 85' lang='grc' dir='ltr'><strong><em>ἐξόδους</em></strong></span> <span class='ocrx_word' id='word_1_93' title='bbox 678 1524 841 1610; x_wconf 89' lang='grc' dir='ltr'><strong><em>γένωνται</em></strong></span> <span class='ocrx_word' id='word_1_94' title='bbox 870 1528 1124 1612; x_wconf 80' lang='grc' dir='ltr'><strong><em>φρονιμώτεροι.</em></strong></span> 
     </span>
     <span class='ocr_line' id='line_1_14' title="bbox 105 1629 1159 1719; baseline 0 -19"><span class='ocrx_word' id='word_1_95' title='bbox 105 1635 239 1700; x_wconf 75' lang='grc' dir='ltr'><strong><em>διάνοια</em></strong></span> <span class='ocrx_word' id='word_1_96' title='bbox 268 1629 329 1717; x_wconf 74' lang='grc' dir='ltr'><strong><em>μέν</em></strong></span> <span class='ocrx_word' id='word_1_97' title='bbox 357 1643 419 1699; x_wconf 84' lang='grc' dir='ltr'><strong><em>τοῦ</em></strong></span> <span class='ocrx_word' id='word_1_98' title='bbox 448 1632 570 1718; x_wconf 86' lang='grc' dir='ltr'><strong><em>ἀνδρὸς</em></strong></span> <span class='ocrx_word' id='word_1_99' title='bbox 596 1633 656 1719; x_wconf 86' lang='grc' dir='ltr'><strong><em>ήδε</em></strong></span> <span class='ocrx_word' id='word_1_100' title='bbox 684 1630 814 1718; x_wconf 82' lang='grc' dir='ltr'><strong><em>ἐγένετο</em></strong></span> <span class='ocrx_word' id='word_1_101' title='bbox 841 1631 917 1718; x_wconf 77' lang='grc' dir='ltr'><strong><em>περὶ</em></strong></span> <span class='ocrx_word' id='word_1_102' title='bbox 944 1636 981 1699; x_wconf 94' lang='grc' dir='ltr'><strong><em>τὸ</em></strong></span> <span class='ocrx_word' id='word_1_103' title='bbox 1010 1634 1159 1719; x_wconf 84' lang='grc' dir='ltr'><strong><em>ἐργον·5</em></strong></span> 
     </span>
     <span class='ocr_line' id='line_1_15' title="bbox 105 1736 1125 1830; baseline -0.002 -22"><span class='ocrx_word' id='word_1_104' title='bbox 105 1745 192 1830; x_wconf 81' lang='grc' dir='ltr'><strong><em>χόλςο</em></strong></span> <span class='ocrx_word' id='word_1_105' title='bbox 223 1736 254 1804; x_wconf 89' lang='grc' dir='ltr'><strong><em>δ’</em></strong></span> <span class='ocrx_word' id='word_1_106' title='bbox 276 1739 413 1827; x_wconf 82' lang='grc' dir='ltr'><strong><em>ὑπούλῳ</em></strong></span> <span class='ocrx_word' id='word_1_107' title='bbox 436 1737 492 1804; x_wconf 77' lang='grc' dir='ltr'><strong><em>καί</em></strong></span> <span class='ocrx_word' id='word_1_108' title='bbox 515 1742 635 1829; x_wconf 80' lang='grc' dir='ltr'><strong><em>φθόνςο</em></strong></span> <span class='ocrx_word' id='word_1_109' title='bbox 659 1740 835 1824; x_wconf 86' lang='grc' dir='ltr'><strong><em>δυσμενῶν</em></strong></span> <span class='ocrx_word' id='word_1_110' title='bbox 859 1740 941 1823; x_wconf 86' lang='grc' dir='ltr'><strong><em>αὐτή</em></strong></span> <span class='ocrx_word' id='word_1_111' title='bbox 964 1737 1043 1805; x_wconf 85' lang='grc' dir='ltr'><strong><em>καθ’</em></strong></span> <span class='ocrx_word' id='word_1_112' title='bbox 1066 1740 1125 1806; x_wconf 87' lang='grc' dir='ltr'><strong><em>αὑ-</em></strong></span> 
     </span>
     <span class='ocr_line' id='line_1_16' title="bbox 104 1841 1164 1933; baseline 0.002 -20"><span class='ocrx_word' id='word_1_113' title='bbox 104 1850 165 1933; x_wconf 86' lang='grc' dir='ltr'><strong><em>τήν</em></strong></span> <span class='ocrx_word' id='word_1_114' title='bbox 188 1845 211 1930; x_wconf 78' lang='grc' dir='ltr'><strong><em>ἡ</em></strong></span> <span class='ocrx_word' id='word_1_115' title='bbox 234 1844 351 1931; x_wconf 81' lang='grc' dir='ltr'><strong><em>πρᾶξις</em></strong></span> <span class='ocrx_word' id='word_1_116' title='bbox 378 1842 588 1930; x_wconf 77' lang='grc' dir='ltr'><strong><em>ἐξεταζομένη</em></strong></span> <span class='ocrx_word' id='word_1_117' title='bbox 613 1847 807 1929; x_wconf 76' lang='grc' dir='ltr'><strong><em>δημαγωγία</em></strong></span> <span class='ocrx_word' id='word_1_118' title='bbox 829 1869 879 1923; x_wconf 90' lang='grc' dir='ltr'><strong><em>τις</em></strong></span> <span class='ocrx_word' id='word_1_119' title='bbox 902 1844 1056 1931; x_wconf 89' lang='grc' dir='ltr'><strong><em>ἐφαίνετο</em></strong></span> <span class='ocrx_word' id='word_1_120' title='bbox 1080 1841 1124 1911; x_wconf 87' lang='grc' dir='ltr'><strong><em>εί·</em></strong></span> <span class='ocrx_word' id='word_1_121' title='bbox 1138 1872 1164 1915; x_wconf 82' lang='grc' dir='ltr'><strong><em>ιο</em></strong></span> 
     </span>
    </p>

    <p class='ocr_par' dir='ltr' id='par_1_3' title="bbox 53 1947 1166 2890">
     <span class='ocr_line' id='line_1_17' title="bbox 53 1947 1125 2036; baseline 0 -20"><span class='ocrx_word' id='word_1_122' title='bbox 53 1961 161 2022; x_wconf 79' lang='grc' dir='ltr'><strong><em>14οοναι</em></strong></span> <span class='ocrx_word' id='word_1_123' title='bbox 185 1950 243 2018; x_wconf 83' lang='grc' dir='ltr'><strong><em>καὶ</em></strong></span> <span class='ocrx_word' id='word_1_124' title='bbox 267 1951 429 2035; x_wconf 87' lang='grc' dir='ltr'><strong><em>δεκασμὸς</em></strong></span> <span class='ocrx_word' id='word_1_125' title='bbox 450 1952 657 2032; x_wconf 90' lang='grc' dir='ltr'><strong><em>τυραννικός.</em></strong></span> <span class='ocrx_word' id='word_1_126' title='bbox 695 1949 777 2014; x_wconf 79' lang='grc' dir='ltr'><strong><em>ὥστε</em></strong></span> <span class='ocrx_word' id='word_1_127' title='bbox 801 1953 881 2034; x_wconf 85' lang='grc' dir='ltr'><strong><em>βοής</em></strong></span> <span class='ocrx_word' id='word_1_128' title='bbox 899 1947 954 2014; x_wconf 81' lang='grc' dir='ltr'><strong><em>καί</em></strong></span> <span class='ocrx_word' id='word_1_129' title='bbox 971 1951 1125 2036; x_wconf 88' lang='grc' dir='ltr'><strong><em>θορύβου</em></strong></span> 
     </span>
     <span class='ocr_line' id='line_1_18' title="bbox 104 2053 1126 2146; baseline -0.006 -18"><span class='ocrx_word' id='word_1_130' title='bbox 104 2071 194 2128; x_wconf 86' lang='grc' dir='ltr'><strong><em>πάσα</em></strong></span> <span class='ocrx_word' id='word_1_131' title='bbox 217 2054 261 2146; x_wconf 80' lang='grc' dir='ltr'><strong><em>ήν</em></strong></span> <span class='ocrx_word' id='word_1_132' title='bbox 284 2057 455 2134; x_wconf 89' lang='grc' dir='ltr'><strong><em>ἀνάπλεως</em></strong></span> <span class='ocrx_word' id='word_1_133' title='bbox 477 2056 497 2141; x_wconf 83' lang='grc' dir='ltr'><strong><em>ή</em></strong></span> <span class='ocrx_word' id='word_1_134' title='bbox 522 2056 639 2140; x_wconf 88' lang='grc' dir='ltr'><strong><em>ἀγορά,</em></strong></span> <span class='ocrx_word' id='word_1_135' title='bbox 661 2053 717 2121; x_wconf 77' lang='grc' dir='ltr'><strong><em>καὶ</em></strong></span> <span class='ocrx_word' id='word_1_136' title='bbox 736 2053 815 2121; x_wconf 76' lang='grc' dir='ltr'><strong><em>οὔθ’</em></strong></span> <span class='ocrx_word' id='word_1_137' title='bbox 835 2056 852 2122; x_wconf 89' lang='grc' dir='ltr'>ὁ</span> <span class='ocrx_word' id='word_1_138' title='bbox 872 2057 1026 2141; x_wconf 90' lang='grc' dir='ltr'><strong><em>Μάρκιος</em></strong></span> <span class='ocrx_word' id='word_1_139' title='bbox 1043 2059 1126 2141; x_wconf 90' lang='grc' dir='ltr'><strong><em>πρὸς</em></strong></span> 
     </span>
     <span class='ocr_line' id='line_1_19' title="bbox 105 2159 1122 2251; baseline -0.007 -16"><span class='ocrx_word' id='word_1_140' title='bbox 105 2162 195 2234; x_wconf 81' lang='grc' dir='ltr'><strong><em>ταῦτ’</em></strong></span> <span class='ocrx_word' id='word_1_141' title='bbox 225 2160 329 2251; x_wconf 81' lang='grc' dir='ltr'><strong><em>εἶχεν,</em></strong></span> <span class='ocrx_word' id='word_1_142' title='bbox 360 2165 378 2230; x_wconf 83' lang='grc' dir='ltr'>ὅ</span> <span class='ocrx_word' id='word_1_143' title='bbox 405 2187 437 2228; x_wconf 90' lang='grc' dir='ltr'><strong><em>τι</em></strong></span> <span class='ocrx_word' id='word_1_144' title='bbox 464 2162 725 2246; x_wconf 89' lang='grc' dir='ltr'><strong><em>ἀπολογήσαιτο,</em></strong></span> <span class='ocrx_word' id='word_1_145' title='bbox 753 2159 829 2228; x_wconf 78' lang='grc' dir='ltr'><strong><em>οὔθ’</em></strong></span> <span class='ocrx_word' id='word_1_146' title='bbox 857 2162 874 2228; x_wconf 89' lang='grc' dir='ltr'>ὁ</span> <span class='ocrx_word' id='word_1_147' title='bbox 902 2163 1026 2239; x_wconf 77' lang='grc' dir='ltr'><strong><em>ὕπατος</em></strong></span> <span class='ocrx_word' id='word_1_148' title='bbox 1053 2161 1122 2228; x_wconf 74' lang='grc' dir='ltr'><strong><em>οὔτ’</em></strong></span> 
     </span>
     <span class='ocr_line' id='line_1_20' title="bbox 105 2261 1125 2356; baseline -0.005 -16"><span class='ocrx_word' id='word_1_149' title='bbox 105 2275 207 2350; x_wconf 87' lang='grc' dir='ltr'><strong><em>ἀλλος</em></strong></span> <span class='ocrx_word' id='word_1_150' title='bbox 239 2271 365 2355; x_wconf 84' lang='grc' dir='ltr'><strong><em>οὐδείς,</em></strong></span> <span class='ocrx_word' id='word_1_151' title='bbox 402 2261 456 2336; x_wconf 86' lang='grc' dir='ltr'><strong><em>οία</em></strong></span> <span class='ocrx_word' id='word_1_152' title='bbox 489 2270 531 2353; x_wconf 88' lang='grc' dir='ltr'><strong><em>δή</em></strong></span> <span class='ocrx_word' id='word_1_153' title='bbox 563 2268 754 2356; x_wconf 84' lang='grc' dir='ltr'><strong><em>παραδόξου</em></strong></span> <span class='ocrx_word' id='word_1_154' title='bbox 786 2266 841 2334; x_wconf 81' lang='grc' dir='ltr'><strong><em>καὶ</em></strong></span> <span class='ocrx_word' id='word_1_155' title='bbox 872 2268 1125 2355; x_wconf 73' lang='grc' dir='ltr'><strong><em>ἀπροσδοκήτου</em></strong></span> 
     </span>
     <span class='ocr_line' id='line_1_21' title="bbox 105 2347 1166 2466; baseline -0.004 -21"><span class='ocrx_word' id='word_1_156' title='bbox 105 2381 267 2466; x_wconf 85' lang='grc' dir='ltr'><strong><em>φανείσης</em></strong></span> <span class='ocrx_word' id='word_1_157' title='bbox 295 2375 349 2443; x_wconf 80' lang='grc' dir='ltr'><strong><em>ἐπὶ</em></strong></span> <span class='ocrx_word' id='word_1_158' title='bbox 376 2380 471 2462; x_wconf 88' lang='grc' dir='ltr'><strong><em>σφίσι</em></strong></span> <span class='ocrx_word' id='word_1_159' title='bbox 498 2385 555 2459; x_wconf 80' lang='grc' dir='ltr'><strong><em>τῆς</em></strong></span> <span class='ocrx_word' id='word_1_160' title='bbox 581 2377 695 2453; x_wconf 89' lang='grc' dir='ltr'><strong><em>αίτίας.</em></strong></span> <span class='ocrx_word' id='word_1_161' title='bbox 741 2373 855 2459; x_wconf 88' lang='grc' dir='ltr'><strong><em>ἐπειδή</em></strong></span> <span class='ocrx_word' id='word_1_162' title='bbox 880 2374 909 2442; x_wconf 91' lang='grc' dir='ltr'><strong><em>δ’</em></strong></span> <span class='ocrx_word' id='word_1_163' title='bbox 934 2374 1045 2453; x_wconf 82' lang='grc' dir='ltr'><strong><em>οὐδεὶς</em></strong></span> <span class='ocrx_word' id='word_1_164' title='bbox 1068 2347 1166 2462; x_wconf 51' lang='grc' dir='ltr'><strong><em>ού-,ς</em></strong></span> 
     </span>
     <span class='ocr_line' id='line_1_22' title="bbox 105 2481 1128 2569; baseline -0.004 -17"><span class='ocrx_word' id='word_1_165' title='bbox 105 2484 175 2552; x_wconf 88' lang='grc' dir='ltr'><strong><em>κέτι</em></strong></span> <span class='ocrx_word' id='word_1_166' title='bbox 194 2483 401 2568; x_wconf 73' lang='grc' dir='ltr'><strong><em>ἀπελογεῖτο,</em></strong></span> <span class='ocrx_word' id='word_1_167' title='bbox 419 2481 591 2549; x_wconf 81' lang='grc' dir='ltr'><strong><em>ἀνέδωκαν</em></strong></span> <span class='ocrx_word' id='word_1_168' title='bbox 611 2482 647 2547; x_wconf 89' lang='grc' dir='ltr'><strong><em>οί</em></strong></span> <span class='ocrx_word' id='word_1_169' title='bbox 663 2483 825 2567; x_wconf 76' lang='grc' dir='ltr'><strong><em>δήμαρχοι</em></strong></span> <span class='ocrx_word' id='word_1_170' title='bbox 843 2483 905 2569; x_wconf 87' lang='grc' dir='ltr'><strong><em>τήν</em></strong></span> <span class='ocrx_word' id='word_1_171' title='bbox 923 2493 1038 2568; x_wconf 85' lang='grc' dir='ltr'><strong><em>ψήφου</em></strong></span> <span class='ocrx_word' id='word_1_172' title='bbox 1056 2495 1128 2559; x_wconf 76' lang='grc' dir='ltr'><strong><em>ταῖς</em></strong></span> 
     </span>
     <span class='ocr_line' id='line_1_23' title="bbox 106 2581 1127 2678; baseline -0.004 -22"><span class='ocrx_word' id='word_1_173' title='bbox 106 2597 230 2678; x_wconf 77' lang='grc' dir='ltr'><strong><em>φυλαῖς</em></strong></span> <span class='ocrx_word' id='word_1_174' title='bbox 261 2593 385 2674; x_wconf 92' lang='grc' dir='ltr'><strong><em>τίμημα</em></strong></span> <span class='ocrx_word' id='word_1_175' title='bbox 418 2581 657 2673; x_wconf 80' lang='grc' dir='ltr'><strong><em>ἐπιγράψαντες</em></strong></span> <span class='ocrx_word' id='word_1_176' title='bbox 686 2597 724 2673; x_wconf 74' lang='grc' dir='ltr'><strong><em>τῇ</em></strong></span> <span class='ocrx_word' id='word_1_177' title='bbox 756 2589 831 2674; x_wconf 86' lang='grc' dir='ltr'><strong><em>δίκη</em></strong></span> <span class='ocrx_word' id='word_1_178' title='bbox 861 2589 974 2672; x_wconf 90' lang='grc' dir='ltr'><strong><em>φυγήν</em></strong></span> <span class='ocrx_word' id='word_1_179' title='bbox 1004 2587 1127 2670; x_wconf 80' lang='grc' dir='ltr'><strong><em>ἀίδιον,</em></strong></span> 
     </span>
     <span class='ocr_line' id='line_1_24' title="bbox 105 2690 1125 2779; baseline -0.006 -15"><span class='ocrx_word' id='word_1_180' title='bbox 105 2698 189 2764; x_wconf 88' lang='grc' dir='ltr'><strong><em>κατά</em></strong></span> <span class='ocrx_word' id='word_1_181' title='bbox 214 2694 301 2779; x_wconf 92' lang='grc' dir='ltr'><strong><em>δέος,</em></strong></span> <span class='ocrx_word' id='word_1_182' title='bbox 323 2690 427 2779; x_wconf 78' lang='grc' dir='ltr'><strong><em>οἶμαι,</em></strong></span> <span class='ocrx_word' id='word_1_183' title='bbox 448 2705 509 2760; x_wconf 86' lang='grc' dir='ltr'><strong><em>τοῦ</em></strong></span> <span class='ocrx_word' id='word_1_184' title='bbox 533 2696 577 2779; x_wconf 88' lang='grc' dir='ltr'><strong><em>μή</em></strong></span> <span class='ocrx_word' id='word_1_185' title='bbox 601 2693 643 2760; x_wconf 86' lang='grc' dir='ltr'><strong><em>ἀν</em></strong></span> <span class='ocrx_word' id='word_1_186' title='bbox 666 2693 791 2760; x_wconf 82' lang='grc' dir='ltr'><strong><em>ἁλῶναι</em></strong></span> <span class='ocrx_word' id='word_1_187' title='bbox 814 2697 873 2760; x_wconf 91' lang='grc' dir='ltr'><strong><em>τὸν</em></strong></span> <span class='ocrx_word' id='word_1_188' title='bbox 894 2694 1001 2779; x_wconf 89' lang='grc' dir='ltr'><strong><em>ἀνδρα</em></strong></span> <span class='ocrx_word' id='word_1_189' title='bbox 1019 2694 1125 2758; x_wconf 93' lang='grc' dir='ltr'><strong><em>θανά-</em></strong></span> 
     </span>
     <span class='ocr_line' id='line_1_25' title="bbox 105 2797 1125 2890; baseline -0.007 -20"><span class='ocrx_word' id='word_1_190' title='bbox 105 2828 166 2870; x_wconf 89' lang='grc' dir='ltr'><strong><em>του</em></strong></span> <span class='ocrx_word' id='word_1_191' title='bbox 196 2801 300 2890; x_wconf 75' lang='grc' dir='ltr'><strong><em>[αάτῷ</em></strong></span> <span class='ocrx_word' id='word_1_192' title='bbox 327 2801 560 2886; x_wconf 89' lang='grc' dir='ltr'><strong><em>τιμησάντων].</em></strong></span> <span class='ocrx_word' id='word_1_193' title='bbox 606 2801 650 2878; x_wconf 82' lang='grc' dir='ltr'><strong><em>ὡς</em></strong></span> <span class='ocrx_word' id='word_1_194' title='bbox 678 2797 708 2865; x_wconf 90' lang='grc' dir='ltr'><strong><em>δ’</em></strong></span> <span class='ocrx_word' id='word_1_195' title='bbox 736 2799 944 2885; x_wconf 71' lang='grc' dir='ltr'><strong><em>ἐπεψήφισαν</em></strong></span> <span class='ocrx_word' id='word_1_196' title='bbox 973 2800 1125 2883; x_wconf 86' lang='grc' dir='ltr'><strong><em>ἀπαντες,</em></strong></span> 
     </span>
    </p>
   </div>
   <div class='ocr_carea' id='block_1_3' title="bbox 104 3024 1129 3527">
    <p class='ocr_par' dir='ltr' id='par_1_4' title="bbox 104 3024 1129 3527">
     <span class='ocr_line' id='line_1_26' title="bbox 179 3024 1129 3100; baseline -0.008 -13"><span class='ocrx_word' id='word_1_197' title='bbox 179 3038 195 3087; x_wconf 82' lang='grc'><strong>9</strong></span> <span class='ocrx_word' id='word_1_198' title='bbox 223 3031 368 3100; x_wconf 82' lang='grc' dir='ltr'><strong><em>στρατείας</em></strong></span> <span class='ocrx_word' id='word_1_199' title='bbox 391 3045 460 3084; x_wconf 83' lang='lat' dir='ltr'>corr.</span> <span class='ocrx_word' id='word_1_200' title='bbox 485 3046 519 3084; x_wconf 87' lang='lat' dir='ltr'><strong><em>ex</em></strong></span> <span class='ocrx_word' id='word_1_201' title='bbox 542 3027 717 3100; x_wconf 89' lang='grc' dir='ltr'><strong><em>στρατιάςΒ</em></strong></span> <span class='ocrx_word' id='word_1_202' title='bbox 792 3034 821 3081; x_wconf 90' lang='grc'><strong><em>11</em></strong></span> <span class='ocrx_word' id='word_1_203' title='bbox 850 3024 1039 3091; x_wconf 78' lang='grc' dir='ltr'><strong><em>οτασιάζονΟ</em></strong></span> <span class='ocrx_word' id='word_1_204' title='bbox 1065 3043 1129 3080; x_wconf 88' lang='grc' dir='ltr'><strong><em>στα-</em></strong></span> 
     </span>
     <span class='ocr_line' id='line_1_27' title="bbox 105 3096 1128 3172; baseline -0.008 -12"><span class='ocrx_word' id='word_1_205' title='bbox 105 3101 213 3170; x_wconf 80' lang='grc' dir='ltr'><strong><em>σιάζειν</em></strong></span> <span class='ocrx_word' id='word_1_206' title='bbox 233 3119 256 3156; x_wconf 88' lang='grc' dir='ltr'><strong><em>ο.</em></strong></span> <span class='ocrx_word' id='word_1_207' title='bbox 275 3100 364 3156; x_wconf 73' lang='lat' dir='ltr'>Cobet</span> <span class='ocrx_word' id='word_1_208' title='bbox 383 3100 449 3156; x_wconf 82' lang='lat' dir='ltr'>obs.</span> <span class='ocrx_word' id='word_1_209' title='bbox 467 3118 494 3170; x_wconf 89' lang='lat' dir='ltr'><strong><em>p.</em></strong></span> <span class='ocrx_word' id='word_1_210' title='bbox 517 3105 566 3154; x_wconf 84' lang='lat'><strong><em>149</em></strong></span> <span class='ocrx_word' id='word_1_211' title='bbox 623 3107 656 3154; x_wconf 86' lang='lat'><strong><em>14</em></strong></span> <span class='ocrx_word' id='word_1_212' title='bbox 677 3098 748 3172; x_wconf 80' lang='grc' dir='ltr'><strong><em>ἀχλῳ</em></strong></span> <span class='ocrx_word' id='word_1_213' title='bbox 767 3098 790 3153; x_wconf 94' lang='grc' dir='ltr'>Ο</span> <span class='ocrx_word' id='word_1_214' title='bbox 809 3097 880 3170; x_wconf 84' lang='grc' dir='ltr'><strong><em>χόλῳ</em></strong></span> <span class='ocrx_word' id='word_1_215' title='bbox 896 3096 1041 3166; x_wconf 82' lang='lat' dir='ltr'>Kiessling</span> <span class='ocrx_word' id='word_1_216' title='bbox 1095 3103 1128 3152; x_wconf 86' lang='lat'><strong><em>18</em></strong></span> 
     </span>
     <span class='ocr_line' id='line_1_28' title="bbox 105 3167 1128 3240; baseline -0.008 -11"><span class='ocrx_word' id='word_1_217' title='bbox 105 3174 121 3230; x_wconf 82' lang='grc' dir='ltr'><strong><em>ὁ</em></strong></span> <span class='ocrx_word' id='word_1_218' title='bbox 145 3191 201 3229; x_wconf 88' lang='lat' dir='ltr'><strong><em>om.</em></strong></span> <span class='ocrx_word' id='word_1_219' title='bbox 220 3172 244 3225; x_wconf 95' lang='lat' dir='ltr'>B</span> <span class='ocrx_word' id='word_1_220' title='bbox 319 3178 351 3226; x_wconf 88' lang='grc'><strong><em>19</em></strong></span> <span class='ocrx_word' id='word_1_221' title='bbox 376 3169 423 3226; x_wconf 84' lang='grc' dir='ltr'><strong><em>οἷα</em></strong></span> <span class='ocrx_word' id='word_1_222' title='bbox 442 3203 475 3211; x_wconf 95' lang='grc'><strong>-</strong></span> <span class='ocrx_word' id='word_1_223' title='bbox 496 3170 590 3234; x_wconf 77' lang='grc' dir='ltr'><strong><em>οὐδεὶς</em></strong></span> <span class='ocrx_word' id='word_1_224' title='bbox 611 3170 642 3224; x_wconf 90' lang='lat' dir='ltr'><strong><em>in</em></strong></span> <span class='ocrx_word' id='word_1_225' title='bbox 663 3186 729 3240; x_wconf 80' lang='lat' dir='ltr'><strong><em>mge</em></strong></span> <span class='ocrx_word' id='word_1_226' title='bbox 752 3168 817 3225; x_wconf 75' lang='lat' dir='ltr'><strong>add.</strong></span> <span class='ocrx_word' id='word_1_227' title='bbox 836 3169 883 3222; x_wconf 80' lang='lat' dir='ltr'><strong><em>Ba</em></strong></span> <span class='ocrx_word' id='word_1_228' title='bbox 907 3173 911 3238; x_wconf 71' lang='grc' dir='ltr'><strong><em>ψ</em></strong></span> <span class='ocrx_word' id='word_1_229' title='bbox 936 3167 1086 3239; x_wconf 83' lang='grc' dir='ltr'><strong><em>περιδόξον</em></strong></span> <span class='ocrx_word' id='word_1_230' title='bbox 1104 3168 1128 3221; x_wconf 94' lang='grc' dir='ltr'><strong>Β</strong></span> 
     </span>
     <span class='ocr_line' id='line_1_29' title="bbox 105 3238 1129 3312; baseline -0.008 -12"><span class='ocrx_word' id='word_1_231' title='bbox 105 3252 140 3300; x_wconf 78' lang='lat'><strong><em>20</em></strong></span> <span class='ocrx_word' id='word_1_232' title='bbox 161 3239 348 3312; x_wconf 84' lang='grc' dir='ltr'><strong><em>ἐπιφανείσης</em></strong></span> <span class='ocrx_word' id='word_1_233' title='bbox 366 3243 445 3312; x_wconf 90' lang='grc' dir='ltr'><strong><em>σφίσι</em></strong></span> <span class='ocrx_word' id='word_1_234' title='bbox 462 3241 568 3297; x_wconf 81' lang='lat' dir='ltr'><strong>Reiske</strong></span> <span class='ocrx_word' id='word_1_235' title='bbox 640 3238 812 3296; x_wconf 67' lang='grc' dir='ltr'><strong><em>καθανύτοι</em></strong></span> <span class='ocrx_word' id='word_1_236' title='bbox 832 3239 917 3295; x_wconf 75' lang='grc' dir='ltr'><strong><em>αὐτὸν</em></strong></span> <span class='ocrx_word' id='word_1_237' title='bbox 937 3239 963 3292; x_wconf 83' lang='grc' dir='ltr'><strong>Α</strong></span> <span class='ocrx_word' id='word_1_238' title='bbox 1035 3245 1070 3293; x_wconf 76' lang='grc'><strong><em>24</em></strong></span> <span class='ocrx_word' id='word_1_239' title='bbox 1088 3260 1129 3293; x_wconf 93' lang='grc' dir='ltr'><strong><em>τι-</em></strong></span> 
     </span>
     <span class='ocr_line' id='line_1_30' title="bbox 105 3309 1127 3388; baseline -0.007 -16"><span class='ocrx_word' id='word_1_240' title='bbox 105 3313 284 3388; x_wconf 77' lang='grc' dir='ltr'><strong><em>μήσαντεςΟ</em></strong></span> <span class='ocrx_word' id='word_1_241' title='bbox 302 3312 477 3385; x_wconf 88' lang='grc' dir='ltr'><strong><em>τιμησάντων</em></strong></span> <span class='ocrx_word' id='word_1_242' title='bbox 497 3331 520 3368; x_wconf 88' lang='grc' dir='ltr'><strong><em>ο.</em></strong></span> <span class='ocrx_word' id='word_1_243' title='bbox 533 3311 637 3366; x_wconf 79' lang='lat' dir='ltr'><strong>Reiske</strong></span> <span class='ocrx_word' id='word_1_244' title='bbox 655 3309 825 3381; x_wconf 79' lang='grc' dir='ltr'><strong><em>τιμηθέντος</em></strong></span> <span class='ocrx_word' id='word_1_245' title='bbox 844 3310 933 3365; x_wconf 79' lang='lat' dir='ltr'>Cobet</span> <span class='ocrx_word' id='word_1_246' title='bbox 952 3309 1017 3366; x_wconf 88' lang='lat' dir='ltr'>Obs.</span> <span class='ocrx_word' id='word_1_247' title='bbox 1032 3328 1059 3379; x_wconf 90' lang='lat' dir='ltr'><strong><em>p.</em></strong></span> <span class='ocrx_word' id='word_1_248' title='bbox 1077 3316 1127 3365; x_wconf 75' lang='lat'><strong><em>160</em></strong></span> 
     </span>
     <span class='ocr_line' id='line_1_31' title="bbox 104 3377 1127 3460; baseline -0.01 -16"><span class='ocrx_word' id='word_1_249' title='bbox 104 3389 183 3460; x_wconf 73' lang='grc' dir='ltr'><strong><em>αὐτῷ</em></strong></span> <span class='ocrx_word' id='word_1_250' title='bbox 205 3383 371 3455; x_wconf 87' lang='grc' dir='ltr'><strong><em>τιμήσαντες</em></strong></span> <span class='ocrx_word' id='word_1_251' title='bbox 397 3384 476 3439; x_wconf 79' lang='lat' dir='ltr'><strong>uncis</strong></span> <span class='ocrx_word' id='word_1_252' title='bbox 500 3382 616 3451; x_wconf 78' lang='lat' dir='ltr'><strong>seclusi,</strong></span> <span class='ocrx_word' id='word_1_253' title='bbox 645 3400 708 3436; x_wconf 84' lang='lat' dir='ltr'><strong><em>cum</em></strong></span> <span class='ocrx_word' id='word_1_254' title='bbox 732 3383 768 3437; x_wconf 81' lang='lat' dir='ltr'><strong><em>ad</em></strong></span> <span class='ocrx_word' id='word_1_255' title='bbox 789 3385 894 3453; x_wconf 89' lang='grc' dir='ltr'><strong><em>τίμημα</em></strong></span> <span class='ocrx_word' id='word_1_256' title='bbox 919 3377 1127 3453; x_wconf 83' lang='grc' dir='ltr'><strong><em>ἐπιγράψαντες</em></strong></span> 
     </span>
     <span class='ocr_line' id='line_1_32' title="bbox 104 3453 775 3527; baseline -0.012 -13"><span class='ocrx_word' id='word_1_257' title='bbox 104 3456 255 3527; x_wconf 70' lang='lat' dir='ltr'>adscripta</span> <span class='ocrx_word' id='word_1_258' title='bbox 273 3472 308 3511; x_wconf 81' lang='lat' dir='ltr'><strong><em>ea</em></strong></span> <span class='ocrx_word' id='word_1_259' title='bbox 326 3473 387 3512; x_wconf 84' lang='lat' dir='ltr'>esse</span> <span class='ocrx_word' id='word_1_260' title='bbox 405 3472 456 3527; x_wconf 88' lang='lat' dir='ltr'><strong><em>pro</em></strong></span> <span class='ocrx_word' id='word_1_261' title='bbox 476 3455 623 3525; x_wconf 78' lang='lat' dir='ltr'>explorato</span> <span class='ocrx_word' id='word_1_262' title='bbox 641 3453 775 3508; x_wconf 76' lang='lat' dir='ltr'><strong>haberem</strong></span> 
     </span>
    </p>
   </div>
   <div class='ocr_carea' id='block_1_4' title="bbox 0 0 1220 3848">
    <p class='ocr_par' dir='ltr' id='par_1_5' title="bbox 0 0 1220 3848">
     <span class='ocr_line' id='line_1_33' title="bbox 0 0 1220 3848; baseline 0 0"><span class='ocrx_word' id='word_1_263' title='bbox 0 0 1220 3848; x_wconf 95' lang='lat' dir='ltr'><strong><em> </em></strong></span> 
     </span>
    </p>
   </div>
  </div>
 </body>
</html>
