2424 3848
101 182 167 246 376
525 179 692 232 -Θ-

101 348 201 429 μόσιν
223 340 337 419 αὐτοῖς
358 350 415 425 τῆς
437 340 629 426 ἀνανδρίας,
651 340 692 404 τά
716 336 746 405 δ’
769 339 1033 425 ὑπομιμνήσκων
1052 353 1117 408 τῶν

101 447 271 537 προτέρων
300 447 456 532 ἀγώνων,
483 447 524 512 τὰ
552 442 676 530 δὲτὴν
699 447 861 532 αἰσχύνην
885 445 1117 532 ἐπιλεγόμενος

101 555 155 621 καὶ
179 558 238 621 τὸν
260 554 432 636 κίνδυνον,
455 552 492 629 ὃς
513 554 763 635 καταλήψεσθαι
785 551 908 631 αὐτοὺς
926 555 1064 637 ἔμελλεν
1084 555 1118 621 ἐν

102 670 142 748 τῇ
164 670 272 746 φυγῇ,
299 665 460 725 τελευτῶν
483 654 575 724 εἶπεν
599 658 661 724 οὐκ
683 655 823 742 ἀληθές,
851 659 869 724 ὃ
893 659 1036 743 μάλιστα
1060 657 1118 746 μέν

77 778 173 845 ετοϊς
202 763 373 852 σφετέροις
401 766 529 852 θάρσος
558 763 756 851 παρέστησε,
785 776 856 843 τοϊς
885 761 923 831 δὲ
949 771 1118 851 πολεμίοις

105 872 187 951 δέος.
233 876 295 959 ἔφη
319 874 399 959 γάρ,
422 872 473 936 ὅτι
494 872 639 959 θάτερον
662 872 772 938 αὐτῶν
794 874 858 956 ἤδη
882 870 981 958 κέρας
1005 872 1117 952 ἐξέωσε

104 984 184 1058 τοὺς
209 985 388 1064 πολεμίους
414 976 470 1045 καὶ
498 978 596 1063 ε’γγὺς
623 980 687 1063 ἤδη
716 977 786 1045 ἐστὶ
813 987 874 1044 τοῦ
902 978 1042 1045 ἐκείνων
1065 981 1119 1066 χά-

72 1093 214 1174 Ἱρακος.
259 1084 350 1152 ταῦτ’
377 1087 479 1152 εἰπὼν
502 1085 622 1151 ἐνσείει
643 1096 713 1162 τοῖς
735 1088 921 1169 πολεμίοις,
943 1083 1001 1150 καί
1024 1111 1119 1152 κατα-

106 1195 168 1279 βάς
199 1193 263 1258 ἀπὸ
291 1202 351 1258 τοῦ
378 1193 481 1257 ἵππου
509 1194 573 1257 σὺν
604 1201 673 1268 τοῖς
701 1188 782 1276 ἀμφ’
809 1192 913 1257 αὐτὸν
940 1190 1120 1270 ἐπιλέκτοις

65 1321 93 1361 ιο
105 1310 172 1365 τῶν
202 1296 327 1364 ίππέων
355 1298 524 1381 συστάδην
552 1296 698 1382 ἐμάχετο.
744 1296 780 1363 ἐκ
807 1294 844 1363 δέ
871 1299 994 1364 τούτου
1016 1303 1120 1383 τόλμα

105 1430 156 1482 τις
178 1405 329 1489 ἐμπίπτει
351 1415 421 1480 τοῖς
442 1403 608 1487 κάμνουσι
629 1401 721 1487 τέως,
744 1400 800 1468 καί
823 1403 994 1470 ὠθοῦνται
1018 1405 1121 1471 άπαν-

106 1534 159 1588 τες
186 1511 295 1594 ὥσπερ
322 1508 432 1597 ἕτεροί
451 1533 539 1586 τινες
561 1511 747 1593 γεγονότες·
776 1507 832 1574 καὶ
855 1510 891 1574 οί
912 1511 1123 1578 Οὐολοῦσκοι

109 1655 147 1664 -
173 1616 252 1700 τῇδε
279 1614 342 1698 γάρ
371 1613 492 1681 ἐκείνοι
520 1613 674 1693 ἐτάξαντο
705 1652 743 1662 -
774 1613 869 1700 μέχρι
895 1621 1023 1683 πολλοῦ
1053 1619 1122 1683 δια-

107 1721 365 1805 καρτερήσαντες
392 1718 573 1786 ἐνέκλιναν.
620 1721 665 1798 ὡς
692 1717 729 1786 δὲ
755 1723 894 1799 τούτους
920 1723 939 1789 ὁ
967 1727 1125 1801 Κοίντιος

69 1850 95 1891 ιε
109 1824 445 1910 άπεώσατο,’άναβάς
468 1824 521 1892 ἐπὶ
542 1828 602 1892 τὸν
625 1828 728 1894 ἵππον
750 1831 962 1915 παρήλαυνεν
986 1827 1040 1895 ἐπὶ
1063 1832 1125 1915 τὴν

109 1930 224 2017 ἑτέραν
251 1930 359 2016 τάξιν,
386 1930 442 1997 καὶ
470 1933 617 1999 ἐδείκνυε
644 1944 714 2011 τοῖς
742 1933 810 2001 ἐκεί
829 1939 938 2015 πεζοῖς
960 1939 998 2003 τὸ
1022 1937 1183 2021 ἡττώ-1904

109 2063 212 2125 μενον
235 2048 303 2104 τῶν
325 2042 494 2123 πολεμίων
516 2038 632 2125 μέρος,
654 2038 710 2105 καὶ
732 2043 966 2128 παρεκελεύετο
990 2044 1035 2128 μη
1060 2048 1125 2110 λεί-

110 2153 233 2213 πεσθαι
256 2145 355 2231 ἀρετῇ
377 2157 445 2211 τῶν
469 2144 599 2234 ἐτέρων.
931 2143 933 2146 ’

175 2251 295 2316 LVIII.
325 2248 391 2316 Καὶ
414 2253 494 2336 μετά
517 2250 606 2319 τοῦτ’
629 2249 729 2319 οὐδέν
753 2255 800 2318 ἔτι
823 2253 953 2338 διέμενε
976 2266 1044 2321 τῶν
1066 2278 1126 2324 πο-

69 2382 96 2423 εο
109 2361 248 2444 λεμίων,
275 2356 359 2423 άλλδι
381 2358 501 2435 πάντες
524 2361 571 2436 είς
591 2359 651 2423 τὸν
673 2359 800 2447 χάρακα
823 2359 1039 2446 ξυνέφευγον.
1085 2363 1126 2430 οὐ

111 2463 226 2550 μέντοι
249 2462 361 2541 δίωξίς
383 2459 414 2548 γ’
442 2464 552 2530 αὐτῶν
576 2463 630 2530 ἐπὶ
652 2468 738 2532 πολὺ
762 2464 903 2552 ἐγένετο,
926 2466 998 2534 ἀλλ’
1021 2469 1127 2548 εὐθὺς

111 2572 147 2638 οί
162 2568 316 2655 Ῥωμαῖοι
334 2570 572 2655 ἀπετράποντο,
594 2572 660 2638 ὑπὸ
679 2576 784 2639 κόπου
803 2575 843 2639 τά
861 2575 995 2657 σώματα
1013 2597 1126 2663 παρει-

112 2676 207 2762 μένοι
228 2675 284 2742 καὶ
308 2673 388 2742 οὐδὲ
409 2678 450 2742 τά
473 2678 558 2743 ὅπλα
581 2681 630 2745 ἔτι
653 2679 752 2764 ὅμοια
775 2682 912 2766 ἔχοντες.
945 2681 1070 2766 ὀλίγων
1090 2679 1126 2747 δὲ

183 2939 256 2994 4δδ
276 2937 354 2995 εἶπεν
373 2939 399 2992 Α
422 2937 500 2996 εἶπεν
520 2958 573 2996 om.
593 2941 639 2996 Ba
663 2945 668 3012 Ι
693 2943 788 3012 ἀληθῆ
806 2943 854 2997 Bb
873 2911 1019 3014 ἀληθξγςῦ
1109 2949 1124 2998 ό

112 3012 221 3082 θάρσος
240 3053 246 3065 .
265 3053 271 3066 .
290 3008 487 3081 παρέστησεΒ
569 3007 720 3078 6ἐξέλυσε
738 3014 784 3069 Ba
807 3010 905 3080 ἐξέωσε
924 3015 950 3069 R
1013 3024 1038 3077 ἴ7
1064 3014 1124 3084 ἔστη

113 3085 139 3137 A
163 3087 168 3154 Ι
194 3079 348 3138 ἐκείνονΑ
422 3090 453 3137 12
477 3080 672 3139 olomABa
746 3091 778 3138 14
802 3084 964 3158 ὡς]ἕωςΑ
1040 3095 1072 3144 16
1095 3087 1124 3140 τδ

115 3173 168 3211 om.
187 3155 235 3208 Ba
299 3159 332 3208 18
352 3147 469 3223 ἑταίρων
488 3171 511 3209 ο.
532 3154 654 3225 Sylburg
717 3163 751 3211 20
770 3156 929 3226 ξυνέφυγον
948 3156 971 3212 Ο
991 3157 1124 3228 ξυνέφευ-

114 3246 164 3295 γον
188 3243 211 3281 ο.
231 3223 405 3294 Grasberger
422 3224 498 3280 Τεεε.
517 3225 602 3281 Herb.
621 3243 648 3295 p.
664 3231 698 3281 25
788 3235 822 3282 23
847 3227 942 3300 ὅμοιοι]
963 3227 1085 3300 ἀκέραια
1102 3244 1123 3284 ο.

113 3296 245 3351 Ηεελλοίω
263 3296 380 3350 Hermes
395 3296 420 3350 X
440 3303 501 3364 419,
522 3294 551 3351 ολ
566 3297 665 3352 πολλοὶ
683 3296 756 3353 Smit
774 3298 840 3354 Obs.
859 3316 887 3368 p.
901 3304 945 3368 41,
966 3302 1085 3374 βεβαίως
1102 3315 1122 3353 ο.

115 3366 217 3422 Garrer
240 3366 307 3422 Obs.
329 3384 356 3436 p.
380 3373 413 3421 λθ
441 3369 475 3425 cf.
501 3368 624 3422 Schenkl
647 3367 777 3423 Bursiani
799 3368 896 3426 Litter.
915 3371 988 3427 Ann.
1008 3371 1122 3428 breviar.

114 3456 143 3506 p.
158 3443 219 3507 280,
237 3454 301 3492 mea
319 3436 435 3507 quidem
454 3438 594 3495 sententia
613 3439 685 3494 nihil
703 3440 869 3496 mutandum
888 3446 932 3496 est

61 3510 112 3616 ἱ
