2424 3848
101 218 143 284 70
523 223 685 272 -Ζ-

60 381 274 467 4πάσχοντα.
316 389 417 447 ταῦτα
440 382 503 466 γὰρ
526 375 569 464 ἦν
588 383 668 465 ἔργα
691 380 824 466 ἀγαθοῦ
846 383 985 448 πολίτου
1003 379 1120 448 καὶτὸ

98 490 201 553 καλὸν
225 489 333 573 ἔργοις
361 485 557 571 ἀσκοῦντος,
585 487 625 552 ού
649 489 769 571 λόγοις.
811 487 832 553 ἀ
861 484 898 554 δὲ
925 497 990 554 νῦν
1019 481 1120 566 οὗτος

97 594 252 679 βιάζεται,
270 598 361 670 τίνος
381 591 447 659 ἐστὶ
467 601 584 679 σημεῖα
602 597 695 679 βίους
713 597 820 660 ποίων
840 595 1017 679 μηνύματα
1034 614 1119 677 προ-

99 697 274 786 αιρέσεων,
307 700 427 786 ὅρκους
454 704 687 787 παραβαίνειν,
720 698 829 778 δεξιὰς
855 701 1119 787 παρασπονδεῖν,

59 827 73 869 ι
103 807 279 890 ὁμολογίας
301 805 462 891 ἀναιρεῖν,
486 808 578 896 δήμω
597 812 765 892 πολεμεῖν,
788 809 836 884 είς
856 806 1030 893 ἀρχόντων
1053 809 1119 873 σύ-

100 936 185 997 ματα
203 912 361 997 ὑβρίζειν,
381 911 436 977 καὶ
453 907 530 997 μηδ’
553 909 604 998 ἐφ’
628 910 679 978 ἑνί
697 914 825 978 τούτων
844 916 882 979 τὸ
901 924 996 999 σῶμα
1014 913 1119 979 ὑπεύ-

98 1023 209 1083 θυνον
227 1029 347 1101 ποιεῖν,
365 1015 436 1083 ἀλλ’
455 1020 592 1105 ἀκριτον
611 1017 861 1104 ἀναπολόγητον
879 1021 1022 1104 μηδενὸς
1040 1020 1119 1104 δεη-

99 1123 203 1190 θέντα
217 1122 349 1209 μηθένα
362 1124 555 1210 φοβηθέντα
569 1123 691 1210 μηθενὶ
705 1136 772 1191 τῶν
786 1127 956 1192 τοσούτων
969 1131 1118 1192 πολιτῶν

101 1238 174 1298 ίσον
197 1234 378 1316 γενόμενον
402 1230 507 1308 ἀδεῶς
528 1241 751 1318 περινοστεῖν;
776 1225 829 1317 ἀρ’
852 1231 893 1297 ού
911 1241 1119 1318 τυραννικοῦ

60 1321 224 1436 ,ἷχτρόπου
249 1349 365 1423 σημεῖα
388 1336 481 1403 ταῦτ’
508 1337 612 1417 έστίν;
637 1340 747 1423 ἔμοιγε
771 1338 871 1403 δοκεῖ.
916 1335 972 1403 καὶ
995 1347 1118 1404 τοῦτον

100 1446 188 1529 ὅμως
215 1447 282 1509 είσί
306 1468 393 1521 τινες
420 1445 455 1509 οί
479 1437 806 1530 παραψύχοντεςκαὶ
830 1452 1119 1530 παρακροτοῦντες

100 1549 133 1629 ἐξ
156 1551 252 1634 ὑμῶν
275 1550 397 1634 αὐτῶν,
420 1541 470 1628 οἷς
489 1548 638 1635 ἐντέτηκε
656 1552 693 1616 τὸ
712 1551 794 1632 πρὸς
815 1553 894 1628 τοὺς
917 1552 1189 1635 δημοτικοῦςιεῑσ

99 1667 194 1741 μῖσος
227 1654 446 1720 ἀδιάλλακτον
453 1704 463 1737 ,
501 1652 556 1720 καὶ
589 1655 630 1720 ού
664 1656 825 1720 δύνανται
858 1657 1027 1741 συνιδεῖν,
1065 1656 1119 1723 ὅτι

101 1757 206 1827 οὐθὲν
234 1766 360 1845 μᾶλλον
386 1762 468 1826 κατδι
495 1771 556 1826 τοῦ
583 1759 816 1847 ταπεινοτέρου
843 1761 966 1848 μέρους
987 1772 1055 1828 τῶν
1079 1761 1119 1828 έν

59 1891 85 1932 15
100 1876 137 1953 τῇ
152 1870 247 1933 πόλει
261 1868 379 1952 φύεται
397 1865 490 1933 τουτί
509 1869 545 1932 τὸ
564 1869 667 1933 κακὸν
686 1868 730 1946 ὡς
748 1866 803 1934 καὶ
821 1869 903 1934 κατὰ
921 1877 982 1934 τοῦ
997 1884 1119 1953 σεμνο-

100 1971 211 2059 τέρου·
242 1970 314 2039 ἀλλ’
342 1979 469 2039 οῖὀνται
496 1982 557 2039 τοῦ
586 1974 751 2059 διαφόρου
778 1974 878 2059 φύσει
904 1976 1119 2040 καταδουλω-
1180 2032 1184 2037 .

64 2079 220 2158 6θέντος
245 2079 301 2145 καὶ
330 2080 371 2163 δὴ
399 2081 436 2145 τὸ
463 2077 543 2146 καθ’
570 2077 707 2176 ἑαυτοὺς
734 2079 820 2159 έξειν
844 2079 1007 2164 ἀσφαλῶς.
1053 2081 1119 2166 οὐχ

100 2187 205 2264 οὕτως
229 2189 294 2272 ἔχει
316 2184 470 2271 τάληθές,
494 2181 520 2251 ὦ
544 2187 677 2271 γνώμης
700 2184 941 2272 ἁμαρτάνοντες
963 2194 1020 2271 τῆς
1044 2185 1120 2272 ἀρί·

101 2309 191 2378 στης·
223 2294 425 2358 διδάσκαλον
442 2289 485 2358 δὲ
508 2294 569 2377 τὴν
591 2304 709 2374 πεῖραν
733 2293 775 2378 ἣν
799 2293 816 2359 ὁ
840 2293 994 2377 Μάρκιος
1016 2292 1120 2378 παρέ-

61 2423 88 2464 το
101 2423 191 2485 χεται
213 2397 269 2464 καὶ
289 2399 389 2481 <τὸν>
409 2401 533 2484 χρόνον
556 2401 724 2483 λαβόντες,
748 2398 895 2476 ὀθνείοις
914 2393 951 2464 θ’
974 2399 1042 2483 ἀμα
1060 2398 1120 2465 καὶ

99 2509 234 2582 οἰκείοις
257 2503 546 2590 σωφρονισθέντες
567 2505 811 2590 παραδείγμασι
834 2500 958 2590 γνοίητ’
986 2506 1041 2588 ἀν,
1064 2503 1119 2571 ὅτι

99 2614 324 2698 μοσχευομένη
348 2612 430 2676 κατδι
452 2620 513 2677 τοῦ
537 2613 644 2695 δήμου
670 2609 829 2697 τυραννὶς
851 2607 929 2676 καθ’
957 2610 1036 2694 ὅλης
1058 2619 1121 2696 τῆς

98 2723 225 2797 πόλεως
252 2719 461 2804 μοσχεύεται,
493 2715 547 2783 καί
573 2726 638 2783 νῦν
666 2713 727 2801 μέν
755 2715 810 2802 ἀφ’
842 2718 937 2801 ἡμῶν
963 2717 1118 2804 ἄρχεται,

99 2829 288 2913 κρατήσασα
312 2823 341 2890 δ’
370 2821 441 2890 οὐδ’
469 2823 563 2908 ὑμῶν
586 2827 741 2909 φείσεται.

60 2952 87 2994 ει
166 2931 365 2998 XXXXVII.
398 2935 541 2997 Τοιαῦτα
560 2930 740 3009 διεξιόντος
756 2941 817 2997 τοῦ
836 2932 961 2996 Δεκίου
975 2927 1031 2996 καὶ
1048 2941 1120 2997 τῶν

172 3123 341 3195 λόρκοιςΒ
414 3131 513 3193 9περι
529 3165 534 3177 .
551 3166 557 3178 .
572 3123 723 3178 νοστεῖνΒ
796 3127 830 3177 10
848 3122 954 3177 τούτων
973 3123 1026 3176 ΑΒ
1083 3129 1117 3178 11

100 3195 318 3264 παραψύχοντες
337 3227 369 3236 -
384 3202 627 3265 παρακροτοῦντες
645 3193 668 3248 0
687 3205 783 3264 περιψ.
798 3225 834 3234 -
847 3201 1078 3264 περικροτοῦντες
1094 3211 1118 3251 0.

101 3265 205 3320 Reiske
280 3273 312 3319 12
330 3265 408 3335 ἡμῶν
427 3268 479 3320 ΑΒ
499 3266 585 3320 αὐτὸν
604 3264 680 3318 Assa
699 3266 791 3319 αύτῶν
810 3264 856 3319 Bb
923 3271 956 3320 15
975 3265 1066 3320 κακδν
1081 3266 1120 3329 ὡς

101 3338 151 3391 καὶ
169 3338 244 3391 ΑΒιι
271 3336 308 3398 ὡς
326 3355 411 3406 supra
429 3353 480 3392 scr.
501 3339 548 3390 Ba
575 3334 592 3404 ἢ
617 3336 666 3391 καὶ
685 3335 844 3406 Stephanus
937 3341 969 3390 16
989 3336 1117 3404 φύσειΟ

102 3410 181 3477 σφίσι
200 3406 344 3476 Kiessling
435 3415 467 3463 1⁷
487 3406 590 3477 καὶμὴ
610 3408 642 3463 τδ
663 3406 740 3461 ABG
767 3401 860 3476 ἤμην
878 3407 910 3462 τδ
929 3423 952 3462 c.
971 3406 1117 3478 Kiessling

101 3479 151 3534 καὶ
168 3479 204 3550 δὴ
223 3479 255 3534 τδ
274 3477 364 3534 Cobet
382 3479 447 3533 Obs.
466 3497 493 3548 p.
511 3483 562 3532 144
634 3484 669 3534 20
687 3478 737 3533 τὸν
756 3478 820 3533 add.
840 3477 960 3548 Sylburg
