2378 3840
111 184 179 248 210
536 187 703 236 -Η-

113 349 257 430 ῆνεγκαν
280 347 468 432 χρημάτων,
491 344 722 411 ἀνατεθέντων
744 344 772 412 τ’
800 346 911 412 αὐτῶν
930 344 1139 432 ἀμφοτέρων

112 453 178 536 ἀμα
202 451 239 517 έν
261 459 300 536 τῆ
323 453 437 539 πρώτῃ
460 461 517 537 τῆς
536 450 741 538 ἀνιερώσεως
758 449 875 541 ῆμέρηι,
897 453 1046 539 θάτερον
1064 465 1139 520 τῶν

112 555 369 643 ἀφιδρυμάτων,
397 556 416 622 δ
438 555 719 623 κατεσκευάσανθ’
746 559 784 623 αί
809 568 978 643 γυναῖκες,
1005 557 1137 644 ἐφθέγ-

111 663 189 742 ξατο
221 669 355 730 πολλῶν
390 675 571 750 παρουσῶν
602 664 730 751 γλώττῃ
762 669 891 752 Λατίνῃ
923 666 1044 751 φωνὴν
1076 667 1136 732 εῦ-

85 771 253 837 ισῦνετόν
280 794 315 836 τε
342 769 397 837 καὶ
424 774 588 855 γεγωνόν·
615 766 655 855 ῆς
682 771 750 836 ἐστι
777 780 892 857 φωνῆς
914 771 1135 857 ἐξερμηνευό-

112 901 211 962 μενος
229 877 247 943 ὁ
266 884 347 954 νοῦς
365 879 413 954 είς
429 878 490 960 τῆν
504 875 648 942 Ἐλλάδα
672 877 845 944 διάλεκτον
867 879 1012 945 τοιόσδε·
1028 875 1133 968 Ὁσίφ

76 986 237 1060 3πόλεως
263 986 356 1073 νόμω
384 993 538 1068 γυναῖκες
565 981 702 1069 γαμεταὶ
730 982 896 1050 δεδώκατέ
917 1006 966 1069 με.
1012 975 1069 1050 οἷα
1092 983 1185 1053 δὲισ4

110 1095 205 1176 φιλεῖ
233 1092 389 1174 γίνεσθαι
420 1088 497 1178 περὶ
530 1092 589 1168 τὰς
620 1089 828 1178 παραδόξους
859 1091 974 1177 φωνάς
1004 1113 1041 1156 τε
1074 1091 1133 1158 καλ

111 1199 220 1281 ὄψεις,
251 1199 357 1281 πολλῆ
386 1209 458 1275 ταῖς
484 1198 669 1284 παρούσαις
701 1195 873 1263 ἐνέπιπτεν
901 1196 1052 1280 ἀπιστία,
1084 1202 1131 1284 μή

71 1321 97 1362 10
110 1301 184 1371 ποτ’
213 1305 253 1371 οὐ
275 1305 312 1370 τὸ
337 1303 458 1383 ξόανον
476 1311 527 1390 είη
546 1307 583 1371 τὸ
602 1303 848 1390 φθεγξάμενον,
871 1304 1071 1391 ἀνθρωπίνη
1091 1301 1135 1371 δέ

110 1433 160 1488 τις
183 1414 293 1496 φωνῆ·
321 1411 462 1495 μάλιστα
491 1409 520 1476 δ’
548 1411 625 1477 ὅσαι
654 1413 736 1497 πρὸς
758 1412 848 1501 ἀλλφ
871 1410 938 1477 τινὶ
960 1412 1019 1477 τὸν
1043 1419 1131 1476 νοῦν

110 1519 245 1602 ἔχουσαι
271 1527 450 1600 τηνικαῦτα
484 1520 618 1603 ἔτυχον,
651 1517 713 1583 οὐκ
746 1518 878 1584 ἰδοῦσαι
909 1520 947 1584 τδ
979 1519 1131 1602 φθεγγό-

110 1646 224 1707 μενον,
247 1621 266 1686 ὅ
288 1646 321 1688 τι
343 1618 419 1689 ποτ’
444 1617 499 1706 ῆν,
521 1625 645 1708 ταύτην
668 1619 759 1709 εἶχον
777 1625 838 1708 τῆν
856 1625 939 1709 πρὸς
956 1623 1014 1700 τάς
1035 1624 1130 1690 ἀδού-

110 1744 170 1804 σας
196 1726 360 1794 ἀπιστίαν.
407 1726 505 1794 ἔπειτ’
532 1725 633 1807 αὖθις
660 1731 872 1813 πληθύοντος
899 1739 959 1796 τοῦ
982 1729 1048 1796 νεώ
1073 1727 1131 1796 καὶ

24 1835 27 1842 ’
70 1852 95 1893 1⁵
110 1842 235 1918 σιωπῆς
262 1836 416 1918 πλείστης
447 1836 528 1900 κατά
557 1837 700 1920 δαίμονα
727 1833 908 1921 γενομένης
935 1834 972 1900 ἐν
1000 1839 1129 1921 μείζονι

108 1949 205 2026 φωνῆ
229 1941 328 2007 ταύτὸ
352 1939 474 2019 ξόανον
498 1940 682 2027 ἐφθέγξατο
705 1943 767 2026 τῆν
790 1943 895 2026 αὐτὴν
918 1940 1020 2026 λέξιν,
1041 1942 1127 2010 ώστε

71 2043 214 2133 4μηδέν
241 2049 288 2113 ἔτι
315 2043 401 2113 εἷναι
427 2050 464 2114 τὸ
493 2047 690 2133 ἀμφίλογον.
734 2050 755 2133 ῆ
780 2045 841 2134 μὲν
865 2044 928 2116 οὖν
950 2050 1056 2134 βουλῆ
1082 2048 1137 2127 ώς.

108 2151 198 2220 ταῦτ’
225 2157 349 2239 ἔμαθεν
372 2153 556 2239 ἐψηφίσατο
578 2158 701 2232 θυσίας
723 2156 826 2233 ἀλλας
848 2153 903 2220 καὶ
926 2157 1128 2240 σεβασμούς,

109 2261 168 2337 οὓς
190 2260 233 2326 άν
256 2261 292 2326 οί
310 2270 378 2326 τῶν
398 2261 496 2348 ίερῶν
516 2259 670 2345 ἐξηγηταὶ
693 2264 867 2349 παραδῶσι
884 2259 962 2327 καθ’
985 2261 1127 2328 ἕκαστον

68 2384 95 2424 20
108 2369 181 2444 ἔτος
204 2366 373 2432 ἐπιτελεῖν.
419 2368 457 2432 αί
478 2363 514 2432 δὲ
538 2379 692 2450 γυναῖκες
720 2367 757 2434 ἐν
784 2371 857 2434 ἔθει
883 2373 1189 2454 κατεστῆσαντοιε4

38 2537 41 2542 .
107 2482 147 2559 τῆ
176 2482 234 2557 τῆς
265 2474 383 2560 ίερείας
411 2473 615 2559 χρησάμεναι
645 2476 777 2560 γνώμῃ,
806 2483 851 2563 τῷ
880 2473 989 2565 ξοάνφ
1017 2476 1124 2566 τούτῳ

108 2583 189 2665 μήτε
208 2581 395 2665 στεφάνους
413 2578 597 2646 ἐπιτιθέναι
616 2583 697 2665 μήτε
715 2592 826 2668 χεῖρας
843 2579 1047 2669 προσφέρειν
1066 2606 1124 2666 γυ-

107 2699 234 2772 ναῖκας,
257 2688 333 2754 ὅσαι
356 2685 521 2774 δευτέρων
540 2686 766 2770 ἐπειράθησαν
785 2687 912 2772 γάμων,
934 2690 997 2773 τῆν
1016 2685 1054 2755 δὲ
1077 2712 1123 2754 τι-

108 2794 173 2878 μῆν
205 2792 261 2859 καὶ
293 2797 476 2880 θεραπείαν
508 2793 612 2858 αὐτοῦ
644 2801 754 2859 πᾶσαν
790 2792 1020 2860 ἀποδεδόσθαι
1052 2805 1124 2872 ταῖς

67 2917 94 2957 25
108 2900 292 2985 νεογάμοις.
338 2900 421 2966 ἀλλδι
443 2897 519 2986 περὶ
537 2896 598 2986 μὲν
616 2899 744 2966 τούτων
764 2901 841 2965 οὔτε
861 2904 1044 2985 παρελθεῖν
1061 2902 1122 2985 τὴν

107 3005 285 3094 ἐπιχώριον
305 3007 454 3093 ίστορίαν
472 3010 580 3082 καλῶς
597 3001 697 3092 εἶχεν,
720 3006 796 3071 οῦτε
814 3009 952 3072 πλείονα
971 3005 1048 3094 περὶ
1064 3007 1122 3072 αῦ-

162 3232 416 3288 3*κατεσκεῦαααν
429 3233 451 3288 Ο
466 3232 707 3289 κατεσκευάσαντο
717 3232 860 3302 Kiessling
874 3231 1117 3290 κατεσκευάσανθ’

107 3319 160 3372 ego
233 3308 249 3356 5
268 3304 431 3377 γεγωνό<ς>
448 3305 471 3357 Β
546 3311 560 3359 7
580 3306 733 3376 δεδώκατε]
755 3302 887 3374 ίερώκατε
906 3322 928 3360 ο.
950 3303 1042 3360 Cobet
1054 3304 1119 3360 Oba.

106 3379 213 3498 15ng
215 3380 316 3498 ιθένὲῗ
330 3374 530 3498 {mmm
610 3383 643 3430 21
662 3384 696 3447 τῇ
715 3375 821 3432 add.B
898 3381 931 3431 22
951 3371 1120 3447 ἐπιτεθῆναι
