2378 3840
106 189 170 256 156
482 192 694 242 ·—H-

105 353 123 420 ὁ
142 354 256 436 νόμος,
276 349 400 438 ἐχθρὸν
414 347 501 418 εἶναι
518 359 564 439 τῷ
583 349 743 438 δρύσαντι
760 351 798 416 τὸ
816 351 987 426 πεπονθὸς
1004 359 1123 427 κακῶς.

69 459 157 525 Nu
180 455 209 523 δ’
234 457 275 524 ού
297 459 378 544 μετὰ
398 463 560 543 λογισμοῦ
579 459 753 544 σώφρονος
771 455 936 540 ἐξετάζεις,
959 455 1020 534 οῦς
1038 454 1124 542 ἀμύ-

105 567 230 630 νεσθαί
249 588 284 630 τε
306 561 362 630 καὶ
380 567 602 651 τιμωρεῖσθαί
620 581 673 630 σοι
691 572 869 649 προσῆκεν,
891 557 971 629 οὐδὲ
990 561 1124 648 μετρεύ-

108 674 171 750 ζεις
201 669 277 756 περὶ
308 673 369 756 την
402 671 586 756 ἀνάπραξιν
617 680 674 756 τῆς
704 672 816 756 δίκης,
844 665 915 736 ἀλλ’
947 671 983 736 ἓν
1011 667 1123 758 ταύτςῦ

79 780 238 843 ιτίθεσαι
264 777 304 844 τοί
330 774 357 844 τ’
386 777 517 844 ἀναίτια
543 789 613 855 τοῖς
639 779 758 855 αἰτίοις
784 774 839 843 καὶ
865 777 906 842 τὰ
932 779 1029 861 φίλια
1052 784 1124 852 τοῖς

106 887 292 969 πολεμίοις,
318 887 443 971 νόμους
468 908 504 951 τε
526 895 629 962 κινεῖς
650 884 783 970 φύσεως
804 883 981 966 ἀκινήτους
1003 879 1124 947 καὶτὰ

106 991 189 1073 πρὸς
211 993 288 1067 τούς
310 993 412 1067 θεοὺς
435 990 667 1074 συνταράττεις
690 986 855 1079 ὅσιαχκαλ
877 984 957 1055 οὐδὲ
982 989 1124 1054 σεαυτὸν

108 1095 141 1175 ἐξ
165 1090 213 1164 ὧν
235 1120 269 1162 τε
292 1095 347 1162 καὶ
368 1097 457 1174 ὅστις
476 1099 557 1182 ἔφυς
575 1098 623 1162 ἔτι
641 1095 816 1182 μέμνησαι,
838 1103 937 1162 τοῦτο
954 1095 1125 1180 τεθαυμά-

73 1208 93 1272 3
108 1226 222 1287 καμεν.
253 1201 377 1288 ἥκομέν
390 1199 418 1268 τ’
436 1200 673 1281 ἀποσταλέντες
685 1202 751 1269 ὑπὸ
765 1210 826 1269 τοῦ
838 1210 956 1268 κοινοῦ
968 1188 1141 1288 πρέσβεις

69 1330 95 1370 ιο
109 1309 144 1375 ολ
163 1309 366 1395 προύχοντες
387 1309 499 1397 ἡλικία
521 1320 588 1374 τῶν
609 1311 791 1396 πατρικίων
809 1305 865 1374 καὶ
887 1305 963 1395 περὶ
986 1303 1025 1373 σὲ
1042 1328 1125 1394 προ-

108 1416 292 1500 θυμύτατοι
323 1412 527 1499 μεμιγμένην
558 1412 716 1502 φέροντες
748 1416 976 1498 δικαιολογίαν
1005 1434 1126 1501 παραι-

109 1522 212 1603 τήσει,
230 1517 286 1585 καὶ
304 1517 356 1604 ἐφ’
375 1511 425 1596 οἷς
444 1519 600 1606 ἀξιοῦμέν
618 1537 655 1587 σε
674 1522 892 1587 διαλύσεσθαι
910 1521 971 1605 την
986 1523 1189 1607 ἔχθραν,155

109 1628 192 1711 πρὸς
222 1628 281 1692 τὸν
313 1627 420 1709 δῆμον
448 1625 722 1712 ἀπαγγελοῦντες·
755 1629 838 1715 πρὸς
867 1623 904 1691 δὲ
930 1627 1077 1710 τούτοις,
1105 1626 1127 1692 ἀ

111 1734 287 1815 νομίζομεν
305 1727 392 1797 εἶναι
410 1733 569 1799 κάλλιστα
591 1730 646 1799 καὶ
670 1731 910 1818 συμφορώτατά
934 1748 1000 1816 σοι,
1021 1742 1127 1799 ταῦτα

71 1856 97 1899 ιε
109 1835 373 1923 παραινέσοντες.

177 1943 316 2009 ΧΧΠΠ.
341 1940 481 2030 Ἀρχέτω
501 1941 532 2011 δ’
550 1945 568 2012 ὁ
587 1943 663 2032 περὶ
676 1955 743 2012 τῶν
757 1946 896 2011 δικαίων
910 1946 1017 2029 λύγος.
1045 1961 1128 2011 συν-

111 2048 187 2136 ἔστη
215 2053 252 2117 τὸ
280 2053 460 2136 δημοτικὸν
487 2048 541 2118 ἐπὶ
569 2049 622 2117 σοὶ
648 2047 861 2139 παροξυνθὲν
888 2050 954 2117 ὑπὸ
977 2061 1044 2116 τῶν
1068 2053 1128 2137 δη·

111 2157 262 2242 μοίρχων,
289 2155 344 2223 καὶ
371 2151 454 2241 ἧκον
481 2157 525 2235 ὡς
552 2155 810 2234 ἀποκτενοῦντές
832 2174 868 2223 σε
896 2158 1048 2243 ἄκριτον,
1077 2149 1129 2235 οἷς

111 2265 254 2350 φοβερὸς
276 2259 375 2348 ησθα.
420 2272 517 2330 τοῦτο
545 2266 581 2330 τὸ
610 2266 710 2352 ἔργον
737 2263 949 2349 ἐκωλύσαμεν
975 2263 1071 2348 ἡμεῖς
1094 2265 1130 2330 οί

11 2358 13 2363 ’
73 2388 99 2428 20
112 2367 149 2435 ἐκ
171 2379 231 2437 τοῦ
254 2372 433 2458 συνεδρίου
449 2368 505 2436 καὶ
524 2368 731 2458 παρέσχομέν
755 2387 808 2438 σοι
831 2368 952 2456 μηθέν,
974 2369 992 2435 δ
1012 2371 1056 2455 μὴ
1077 2372 1128 2436 δί-

111 2499 208 2542 καιον
230 2470 273 2560 ἦν
300 2478 374 2542 τότε
400 2483 533 2543 παθεῖν.
577 2477 658 2563 μετὰ
684 2486 783 2544 τοῦτο
810 2475 1061 2560 προύκαλοῦντό
1089 2493 1127 2542 σε

114 2584 149 2650 οί
168 2581 376 2661 κωλυθέντες
402 2583 534 2649 ἀνελεῖν
557 2581 610 2650 ἐπὶ
634 2585 747 2669 δίκην,
775 2581 1003 2667 αίτιασοίμενοι
1024 2603 1129 2668 πονη-

78 2692 194 2777 2ροὺς
207 2687 275 2757 κατ’
295 2690 404 2758 αὐτῶν
423 2692 527 2756 εἰπεῖν
547 2688 583 2757 ἐν
601 2698 640 2776 τῇ
659 2694 764 2776 βουλῇ
783 2691 912 2772 λόγους.
949 2686 1129 2774 ἐνέστημεν

113 2796 168 2864 καὶ
190 2799 273 2885 πρὸς
294 2807 408 2881 τοῦτο,
430 2799 476 2876 ὡς
498 2793 598 2864 οἶσθα
605 2847 615 2882 ,
641 2794 697 2862 καὶ
720 2796 781 2862 ούκ
804 2793 1027 2882 ἐπετρέψαμεν
1050 2796 1129 2862 οῦτε

74 2919 100 2962 2⁶
115 2905 247 2989 γνώμης
274 2904 349 2970 οὔτε
377 2906 487 2988 λόγων
509 2903 668 2990 ὑποσχεῖν
696 2920 732 2969 σε
760 2905 862 2980 δίκας.
908 2900 1130 2988 ἀποτυχόντες

186 3138 300 3202 2σωφρ
303 3128 373 3195 ύνως
390 3131 437 3186 Ba
513 3128 752 3200 3*προςήκειο
771 3128 880 3184 correxi
958 3129 1085 3202 4ταῦτῷ
1103 3130 1130 3184 Α

114 3207 152 3273 τῷ
171 3203 245 3256 ατῶύ
264 3205 289 3256 R
375 3201 614 3257 12διαλύσεσθαι
630 3200 887 3255 Βοδιαλύισασθα
904 3199 930 3252 R
1022 3207 1055 3255 13
1068 3184 1129 3256 ἀπ

115 3276 282 3342 αγγελλοῦντ
267 3292 312 3336 τες
329 3273 379 3329 Ba
406 3273 594 3344 ἀπεγγελοῦντ
579 3292 640 3335 τες
647 3271 695 3326 Bb
723 3272 783 3325 ἀπα
764 3269 914 3340 αγγέλλοντ
899 3269 987 3333 τεςΙά
1096 3277 1129 3326 14

116 3397 149 3433 νο
151 3346 263 3448 μζομεν
282 3379 329 3433 Ba
401 3384 434 3435 18
453 3375 535 3450 ἧκον]
555 3379 707 3448 ἀπῆγονο.
727 3374 871 3446 Kiessling
943 3382 977 3431 22
997 3371 1045 3432 ἐπὶ
1063 3378 1128 3447 δίκη

116 3448 227 3503 Ocorr
248 3448 407 3519 Stephanus
