2424 3848
116 156 181 223 146
537 159 705 209 -Η-

113 316 215 403 μένης
241 321 332 396 λείας
358 318 501 403 ὁρῶντες
526 314 583 383 καὶ
609 315 686 403 περὶ
707 325 764 401 τῆς
781 313 951 402 Ῥωμαίων
973 316 1132 405 ἀτολμίας

113 424 305 507 ἀκούοντες,
340 427 375 488 οδ
405 425 446 508 δὴ
478 421 560 501 τέως
591 424 652 507 την
684 421 862 508 ἀλλοτρίαν
893 428 1133 508 λεηλατοῦντες

112 529 218 608 ἀδεῶς
238 534 313 596 τότε
334 531 396 614 τὴν
414 530 524 595 αὑτῶν
543 536 607 613 γῆν
624 529 796 614 ἠνείχοντο
816 527 1007 616 δῃουμένην
1025 531 1132 617 δρῶν-

111 659 177 719 τες,
199 636 387 721 αὐχήματός
408 659 443 701 τε
462 635 608 720 μεγάλου
627 634 869 720 ἐνεπίμπλαντο
887 633 944 701 καὶ
963 634 1000 701 ἐν
1019 635 1132 705 ἐλπίδι

84 737 198 826 εῆσαν
224 741 416 827 ἡγεμονίας,
445 742 488 819 ὡς
516 741 558 825 δὴ
587 737 707 827 ῥᾴδιον
729 738 785 808 καὶ
808 739 846 808 ἐν
868 739 988 831 ἑτοίμην
1010 747 1132 828 σφίσιν

112 848 152 914 δν
181 853 363 914 καταλῦσαι
392 850 454 933 τὴν
483 858 551 913 τῶν
581 846 770 913 ἀντιπάλων
800 849 912 932 ίσχύν,
940 851 1068 926 θυσίας
1095 873 1132 916 τε

110 957 343 1040 χαριστηρίους
360 966 429 1031 τοῖς
447 960 543 1030 θεοῖς
560 952 734 1018 ἐποιοῦντο
753 950 809 1018 καὶ
823 955 956 1020 σκύλων
969 953 1132 1025 ἀναθέσει

109 1062 189 1137 τοὺς
210 1061 295 1138 νεὼς
315 1057 371 1126 καὶ
393 1061 450 1137 τάς
473 1058 597 1145 ἀγοράς
619 1058 784 1144 ἐκόσμουν
805 1056 862 1124 καὶ
879 1055 966 1144 ἦσαν
984 1061 1171 1141 ἀπαντεςιιί

111 1165 148 1231 ἐν
176 1163 303 1253 ἑορταῖς
329 1164 384 1231 καὶ
411 1166 607 1243 εὐπαθείαις
634 1168 693 1232 τόν
719 1188 755 1231 τε
781 1165 939 1251 Μάρκιον
966 1165 1130 1252 ἀγάμενοι

68 1299 97 1338 το
110 1269 166 1336 καὶ
188 1273 371 1356 ὑμνοῦντες
393 1269 576 1355 διετέλουν,
598 1271 642 1349 ὡς
665 1277 715 1354 είη
737 1271 779 1336 τά
801 1295 837 1337 τε
858 1270 999 1356 πολέμια
1019 1274 1129 1340 δεινό

110 1401 206 1455 τατος
224 1377 414 1463 ἀνθρώπων
427 1375 482 1442 καλ
497 1379 688 1464 στρατηγός,
707 1368 777 1455 οἷος
793 1377 869 1442 ούτε
877 1375 1037 1462 Ῥωμαῖος
1051 1381 1129 1446 ούτε

73 1484 210 1561 2ἀλλος
234 1485 442 1569 [στρατηγὸς]
461 1481 630 1566 Ἑλλήνων
652 1482 673 1567 ἣ
696 1483 876 1569 βαρβάρων
899 1483 1021 1562 οὐδείς.
1067 1487 1128 1570 μά-

108 1595 203 1655 λιστα
232 1585 269 1654 δὲ
295 1598 352 1673 της
378 1590 480 1673 τύχης
507 1589 610 1654 αὐτὸν
638 1588 832 1676 ἐμακάριζον
860 1591 1004 1675 ἅπαντα,
1036 1591 1129 1670 ὅσοις

108 1693 334 1781 ἐπιχειρήσειε,
355 1695 438 1760 κατὰ
461 1696 598 1780 γνύμην
615 1694 704 1783 αὐτῷ
723 1706 963 1782 προχωροῦντα
981 1696 1128 1783 ὁρῶντες

67 1827 93 1869 15
109 1802 185 1884 δίχα
207 1802 328 1867 πόνου·
352 1798 429 1866 ὥστ’
451 1799 562 1878 οὐδείς
580 1796 623 1886 ἦν
640 1813 708 1868 τῶν
727 1800 951 1887 ἐχόντωντὴν
969 1805 1128 1890 στρατεύ-

108 1924 207 1991 σιμον
224 1907 369 1992 ἡλικίαν,
388 1907 425 1985 ὃς
443 1906 682 1974 ἀπολείπεσθαι
700 1917 760 1973 τοῦ
779 1907 902 1993 ἀνδρὸς
915 1907 1023 1994 ἠξίου,
1042 1909 1127 1976 ἀλλά

106 2015 225 2092 πάντες
254 2016 405 2101 ὥρμηντο
434 2011 582 2098 μετέχειν
608 2025 675 2079 τῶν
701 2012 854 2100 πράξεων
876 2012 931 2079 καὶ
955 2013 1128 2101 συνῄεσαν

70 2121 151 2197 3ὡς
175 2121 278 2187 αὐτὸν
300 2119 333 2199 ἐξ
357 2119 484 2204 ἀπάσης
506 2122 641 2196 πόλεως.
687 2120 705 2186 ὁ
729 2116 767 2185 δὲ
790 2122 986 2205 στρατηγός,
1010 2119 1127 2205 ἐπειδὴ

67 2245 69 2249 ’
105 2226 167 2308 τὴν
189 2229 382 2312 προθυμίαν
404 2237 471 2291 τῶν
493 2226 716 2291 Οὐολούσκων
739 2223 904 2312 ἐπέρρωσε
925 2223 1037 2292 καὶτὸ
1056 2238 1127 2293 τῶν

65 2359 93 2398 ιο
105 2334 275 2415 πολεμίων
307 2331 465 2418 ἀνδρεῖον
496 2333 545 2408 είς
575 2331 735 2414 ταπεινὴν
765 2329 821 2397 καὶ
850 2331 1020 2417 ἀνανδρον
1047 2356 1127 2401 κατ-

106 2435 252 2502 έκλεισεν
274 2434 473 2521 ἀμηχανίαν,
496 2434 550 2502 ἐπὶ
569 2438 627 2514 τάς
645 2438 852 2522 συμμαχίδας
870 2436 980 2503 αὐτῶν
997 2441 1126 2523 πόλεις,

105 2542 180 2608 ὅσαι
203 2545 241 2609 τὸ
259 2545 378 2609 πιστὸν
397 2544 628 2628 διεφύλαττον,
650 2538 710 2628 ἦγε
727 2544 789 2626 τὴν
808 2544 966 2627 δύναμιν·
988 2541 1044 2608 καὶ
1065 2545 1127 2610 αύ-

102 2653 177 2716 τίκα
210 2647 481 2735 ἑτοιμασάμενος,
514 2650 575 2715 ὅσα
603 2652 649 2727 είς
675 2652 872 2736 πολιορκίαν
898 2651 1041 2734 χρήσιμα
1069 2646 1127 2737 ἦν,

103 2754 157 2821 ἐπὶ
192 2760 392 2842 Τολερίνους
423 2754 555 2822 ἐλαύνει
587 2765 647 2821 τοῦ
676 2759 831 2821 Λατίνων
862 2757 960 2832 ὄντας
988 2758 1125 2836 ἔθνους.

61 2833 139 2947 {4505
163 2858 200 2927 δὲ
228 2866 400 2947 Τολερῖνοι
422 2863 487 2947 πρὸ
510 2866 636 2928 πολλοῦ
658 2861 987 2947 παρασκευασάμενοι
1009 2863 1051 2927 τά
1075 2866 1126 2943 είς

103 2969 207 3053 <τὸν>
235 2970 382 3051 πόλεμον
412 2965 467 3033 καὶ
496 2968 538 3032 τὰ
567 2966 603 3032 ἐκ
632 2977 690 3052 της
718 2969 827 3061 χώρας
856 2969 905 3045 είς
930 2969 994 3052 την
1020 2971 1171 3042 πόλινῙοε

102 3075 374 3160 συγκεκομικότες
392 3070 547 3159 ἐδέχοντο
566 3072 668 3139 αὐτὸν
687 3071 823 3139 ἐπιόντα
841 3071 896 3138 καὶ
913 3077 1038 3159 χρόνον
1059 3075 1123 3161 μέν

175 3264 262 3319 Ικαὶ
280 3266 376 3320 om.B
440 3264 707 3339 3<ίχ>νείχοντοΒ
771 3258 993 3321 ίένεπίπλαντο
1011 3267 1038 3322 Α
1105 3277 1120 3325 ’ί

101 3334 256 3391 ἀναθέσεσι
269 3336 295 3388 Α
350 3344 381 3391 12
401 3338 553 3406 στρατηγὸς
566 3336 620 3391 del.
635 3335 739 3390 Reiske
794 3342 827 3390 13
847 3335 924 3391 ἀπαν
936 3337 986 3392 Aa
1004 3337 1123 3396 ἅπαντα

98 3408 149 3463 Ab
221 3413 254 3462 21
274 3406 369 3470 πόλεις
387 3407 452 3462 add.
470 3407 494 3460 B
567 3415 601 3463 26
619 3407 669 3461 τὸν
688 3406 752 3463 add.
772 3406 894 3477 Sylburg
