2424 3848
510 189 678 237 -Η-
1024 140 1100 246 ¹213
1203 183 1206 186 ’

36 347 199 414 ὲοαύτῶν
218 349 320 432 ἐσται,
338 351 398 413 τόν
417 370 451 412 τε
469 351 627 430 πόλεμον,
646 346 735 424 ὅπως
752 345 795 411 ἀν
815 347 987 430 βούληται,
1004 370 1101 412 κατα-

88 457 254 521 λύσασθαι
284 454 569 540 συγχωρησάντων
596 452 751 519 άπάντων
779 455 951 537 γενήσεται
978 453 1101 539 κύριος.

88 559 141 626 καὶ
163 555 206 645 ἦν
230 559 325 646 μέχρι
348 565 476 627 πολλοῦ
499 563 610 644 λόγων
632 583 666 624 τε
690 558 746 624 καὶ
763 559 1013 645 ἀντιμαχήσεων
1033 560 1135 625 τῶν3

88 664 138 733 ἐπ’
167 654 322 750 ἀλληλοις
344 664 531 751 γινομένων
553 663 630 731 καθ’
659 663 800 751 ἑκάστην
822 665 948 753 ἡμέραν
972 666 1009 732 ἐν
1031 677 1103 744 ταῖς

88 773 273 857 ἐκκλησίαις
299 770 364 858 καὶΧ
383 775 464 838 κατά
499 774 560 857 τὴν
588 772 714 858 ἀγοράν
741 776 846 850 πολὺς
878 772 982 857 ἀγών·
1016 775 1102 862 ἐργφ
1129 792 1142 833 τ

88 882 151 967 γὰρ
179 879 240 965 οὐχ
269 870 342 945 οἷόν
371 876 400 943 τ’
430 873 473 962 ἦν
501 878 664 967 οὐδετέρῳ
692 879 875 962 βιάσασθαι
903 881 962 945 τὸν
990 878 1121 964 ἕτερον.

88 997 145 1071 τῆς
160 989 312 1070 ἰσοτίμου
330 983 433 1070 ἀρχῆς
453 983 585 1062 ἀξιώσει
604 987 862 1070 κρατυνόμενον.
895 986 939 1062 ὡς
953 982 982 1050 δ’
1002 982 1139 1054 οὐδὲν4

88 1102 144 1178 τῆς
175 1095 381 1177 φιλονεικίας
413 1090 539 1175 ἐγίνετο
570 1088 689 1177 πέρας,
726 1088 852 1178 ἡμέραν
883 1093 1052 1178 προειπὼν
1084 1093 1102 1158 ὁ

94 1201 230 1283 Τύλλος,
253 1197 290 1264 ἑν
312 1191 334 1284 ᾗ
358 1201 417 1264 τὸν
435 1198 593 1282 Μάρκιον
616 1196 788 1263 ἐκέλευσεν
806 1198 900 1281 ἥκειν
918 1198 979 1281 την
997 1197 1104 1284 ἀρχὴν

90 1305 348 1390 ἀποθησόμενον
365 1302 421 1369 καὶ
440 1305 537 1388 δίκην
550 1301 716 1390 ὑφέξοντα
734 1313 791 1389 τῆς
808 1306 1001 1390 προδοσίας,
1019 1311 1103 1390 θρα·
1117 1327 1143 1366 ιο

90 1414 250 1488 συτάτονς
273 1407 301 1476 τ’
329 1411 454 1497 ἀνδρας
481 1411 681 1497 εὐεργεσιῶν
705 1410 835 1476 ἐλπίσιν
858 1409 980 1497 ἐπάρας
1004 1409 1104 1497 ἀρχη-

88 1523 169 1602 γοὺς
192 1518 331 1584 ἀνοσίου
360 1520 459 1603 ἔργον
483 1516 658 1601 γενέσθαι,
685 1527 796 1603 παρῆν
818 1519 865 1595 είς
887 1520 948 1603 τὴν
972 1516 1104 1583 ἀποδει-

87 1634 232 1712 χθεῖσαν
264 1623 391 1711 ἀγοράν
427 1622 482 1689 καὶ
513 1625 694 1708 παρελθὼν
724 1622 777 1689 ἐπὶ
809 1627 846 1691 τὸ
880 1629 969 1709 βῆμα
998 1630 1104 1710 πολλῇ

87 1734 271 1819 κατηγορία
294 1730 453 1817 ἐχρήσατο
476 1741 537 1797 τοῦ
555 1734 725 1817 Μαρκίου,
748 1729 803 1796 καὶ
826 1733 858 1796 εί
880 1732 925 1816 μη
948 1733 1104 1816 βούλοιτο

86 1837 282 1905 ἀποθέσθαι
312 1839 374 1922 τὴν
402 1837 507 1924 ἀρχὴν
538 1835 622 1903 ἑκών
629 1888 639 1922 ,
671 1847 716 1925 τῷ
748 1840 842 1926 δήμῳ
869 1841 1104 1925 παρεκελεύετο
1120 1860 1145 1900 15

86 1946 210 2012 παύειν
233 1944 336 2010 αὐτὸν
359 1944 469 2031 άπάση
493 1945 642 2030 δυνάμει.

38 2053 87 2115 647
157 2050 298 2117 LVIIII.
335 2049 535 2135 Ἀναβάντος
563 2048 600 2116 δὲ
627 2061 687 2118 τοῦ
711 2050 834 2138 ἀνδρὸς
856 2050 909 2118 ἐπὶ
936 2052 997 2135 την
1025 2050 1105 2116 ἀπο-

89 2163 209 2245 λογίαν
236 2159 299 2242 βοή
327 2181 362 2223 τε
388 2158 495 2241 πολλὴ
526 2158 702 2224 κωλύουσα
731 2162 810 2236 τοὺς
837 2162 958 2243 λόγους
985 2157 1021 2224 ἐκ
1048 2167 1106 2241 της

90 2265 235 2353 ἑταιρίας
257 2272 314 2347 τῆς
336 2262 411 2348 περὶ
434 2266 493 2329 τὸν
517 2266 647 2330 Τύλλον
665 2263 806 2348 ἐγίνετο·
829 2264 885 2330 καὶ
906 2267 986 2350 μετά
1004 2274 1106 2332 ταῦτα

90 2379 177 2439 Παῑε
195 2370 251 2438 καὶ
269 2372 379 2438 Βάλλε
395 2381 588 2456 φωνοῦντες
605 2376 831 2454 περιίστανται
849 2372 953 2440 αὐτὸν
971 2374 1007 2439 οί
1020 2380 1105 2460 θρα-
1119 2394 1144 2433 ει

91 2480 227 2546 σύτατοι
248 2477 304 2544 καὶ
322 2479 582 2563 συναράττοντες
598 2489 669 2556 τοῖς
686 2483 798 2556 λίθοις
815 2478 1105 2546 ἀποκτιννύουσιν.

92 2584 292 2673 ἐρριμμένου
324 2581 354 2649 δ’
388 2585 491 2651 αὐτοῦ
520 2582 622 2673 χαμαὶ
651 2586 733 2651 κατδι
762 2586 823 2669 τὴν
854 2585 980 2671 ἀγοράν
1010 2586 1045 2651 οί
1071 2609 1106 2650 τε
1140 2612 1145 2622 ’

91 2695 354 2781 παραγενόμενοι
372 2700 417 2780 τῷ
436 2693 539 2757 πάθει
557 2690 612 2757 καὶ
634 2693 671 2758 oc
690 2693 770 2777 μετά
789 2689 878 2759 ταῦτ’
901 2694 964 2776 ἤδη
983 2703 1105 2778 νεκροῦ

94 2802 190 2876 ὄντος
208 2798 404 2885 ἀφικόμενοι
422 2801 481 2864 τόν
500 2792 527 2864 τ’
549 2800 657 2883 άνδρα
680 2809 737 2883 τῆς
754 2801 854 2884 τύχης
872 2800 1042 2885 ὠδύροντο
1062 2799 1105 2877 ὡς

94 2908 134 2972 ού
158 2907 261 2989 καλάς
285 2908 442 2991 είληφότα
464 2907 553 2990 παρά
576 2916 671 2992 σφῶν
694 2905 850 2991 ἀμοιβάς,
878 2905 1106 2991 ἐπιλεγόμενοι
1120 2923 1146 2964 25

37 3030 41 3041 ²
94 3015 202 3080 πάντα
221 3013 282 3078 ὅσα
301 3014 337 3078 τὸ
357 3014 472 3078 κοινὸν
492 3011 653 3099 ὠφέλησε,
675 3011 731 3079 καὶ
748 3016 827 3090 τοὺς
846 3014 1030 3100 δράσαντας
1048 3015 1106 3078 τὸν

164 3249 180 3295 3
200 3238 492 3314 ἀντιμ<αχ>ήσεωνΒ
511 3239 723 3310 ἀντιμαχήσεων
737 3240 763 3293 Β
781 3239 944 3310 ἁψιμαχιῶν
964 3239 1107 3309 Kiessling

94 3328 130 3366 an
149 3313 333 3381 ἀντιλογιῶνλ
413 3316 429 3365 5
448 3311 520 3366 κατὰ
538 3312 589 3381 τὴν
609 3311 712 3384 βουλὴν
732 3329 754 3365 υ.
773 3311 876 3365 Reiske
956 3318 988 3366 13
1007 3314 1107 3381 προελ-

92 3384 155 3437 θὼν
175 3383 197 3438 Ο
216 3382 369 3451 παρελθὼν
388 3399 410 3437 ο.
431 3382 553 3451 Sylburg
607 3388 640 3437 16
659 3382 816 3437 παύσεινΟ
835 3382 941 3442 παύειν,
958 3381 1080 3452 Sylburg
1100 3383 1104 3456 Ι

92 3453 169 3528 πάσῃ
188 3453 240 3507 ΑΒ
259 3452 354 3526 ἁπάσῃ
372 3453 398 3506 R
470 3459 503 3506 22
523 3453 610 3523 χαμαί
629 3453 693 3508 add.
712 3453 735 3506 Β
