2424 3848
553 200 714 249 -z-
1099 197 1139 260 11

120 361 276 443 φθείρας,
300 355 455 442 ἑτοίμους
477 359 550 442 έσχε
574 363 820 441 συγκαταλῦσαι
842 358 903 441 τὴν
923 365 1140 424 καθεστῶσαν

122 467 303 529 πολιτείαν.

81 620 84 624 n
190 569 264 634 Vll.
304 569 373 646 Οὓς
395 572 579 655 συνεργοὺς
601 567 656 634 καὶ
679 570 927 653 συναγωνιστάς
949 571 1061 656 λαβὼν
1084 569 1140 638 καὶ

124 675 146 741 δ
169 677 281 759 δεήσει
303 676 459 762 πράττειν
483 673 630 752 ἑκάστοις
651 673 860 759 ὑποθέμενος
881 688 951 753 τοῖς
972 673 1001 741 τ’
1025 678 1140 762 αίχμα-

124 783 253 866 λότοις,
276 781 336 858 οὓς
358 780 508 866 ἐπήγετο,
529 793 650 865 προῖκα
673 784 754 859 δοὺς
774 784 835 867 τὴν
855 782 1061 866 ἐλευθερίαν,
1083 783 1139 848 ίνα
1166 805 1179 846 τ

123 886 179 952 καὶ
200 888 263 970 τὴν
287 886 423 952 ἐκείνων
446 888 582 953 εύνοιαν
604 887 787 973 προσλάβῃ,
808 886 961 978 κατέπλει
981 905 1140 973 κεκοσμη-

64 991 240 1077 1εεεμέναις
261 1004 333 1070 ταῖς
355 991 477 1059 ναυσίν
500 995 547 1069 είς
565 996 643 1070 τοὺς
660 1003 728 1057 τῶν
746 997 908 1078 Κυμαίων
926 992 1069 1078 λιμένας.
1106 996 1142 1060 οί
1160 1002 1163 1008 ’

124 1095 162 1164 δέ
179 1108 247 1164 τῶν
262 1097 533 1184 στρατευομένων
545 1099 682 1184 πατέρες
699 1122 734 1163 τε
752 1097 807 1164 καὶ
826 1097 963 1185 μητέρες
980 1099 1037 1166 καί
1049 1110 1139 1166 πᾶσα

122 1205 143 1288 η
158 1206 242 1289 άλλη
257 1204 445 1290 συγγένεια,
458 1206 574 1269 παιδία
588 1228 622 1270 τε
635 1203 692 1270 καὶ
705 1203 842 1289 γαμεταὶ
856 1216 1021 1289 γυναῖκες,
1034 1206 1139 1289 ὑπην-

122 1333 191 1376 των
214 1309 360 1389 ἐξιοῦσιν
383 1311 496 1388 αύτοϊς
518 1312 597 1396 μετά
621 1312 775 1396 δακρύων
793 1314 1066 1395 περιπλεκόμενοι
1083 1310 1138 1376 καὶ
1152 1334 1179 1374 ιο

122 1422 382 1501 καταφιλοῦντες
399 1414 454 1482 καὶ
471 1427 542 1493 ταῖς
560 1416 709 1500 ἡδίσταις
723 1415 860 1482 ἕκαστον
875 1416 1138 1500 ἀνακαλούμενοι

121 1526 370 1609 προσηγορίαις.
405 1520 461 1587 καὶ
483 1522 504 1606 ἡ
528 1523 610 1606 άλλη
635 1519 671 1588 δέ
694 1525 827 1605 πληθὺς
847 1524 868 1607 ἡ
892 1524 973 1588 κατά
994 1524 1057 1607 τὴν
1079 1526 1173 1594 end-2

121 1634 178 1694 λιν
210 1631 321 1695 άπασα
349 1637 435 1715 χαρᾷ
467 1625 522 1693 καὶ
548 1631 656 1718 κρότῳ
685 1626 877 1722 δεξιουμένη
905 1630 964 1694 τὸν
992 1628 1138 1714 ἡγεμόνα

120 1736 337 1820 προύπεμπεν
355 1736 402 1812 είς
420 1730 513 1800 οἶκον
532 1734 680 1801 ἀπιόντα.
713 1734 765 1821 ἐφ’
785 1727 835 1813 οἷς
853 1736 888 1801 οί
902 1739 1137 1821 προεστηκότες

121 1851 182 1925 τῆς
208 1845 336 1918 πόλεως
359 1840 555 1925 ἀνιώμενοι,
582 1841 722 1925 μάλιστα
746 1839 777 1906 δ’
798 1842 834 1907 οί
853 1843 914 1926 την
937 1844 1137 1924 στρατηγίαν
1151 1864 1177 1906 ιτ

121 1948 212 2035 αύτῷ
235 1948 439 2032 παραδόντες
460 1944 516 2012 καὶ
540 1940 641 2012 τᾶλλα
663 1948 703 2012 τά
725 1949 809 2033 πρὸς
830 1949 889 2013 τὸν
912 1949 1056 2031 όλεθρον
1077 1971 1137 2031 μη-

121 2055 358 2139 χανησάμενοι,
380 2055 548 2136 πονηροὺς
569 2049 653 2137 ὑπὲρ
676 2063 737 2118 τοῦ
759 2051 937 2136 με’λλοντος
955 2048 1046 2136 είχον
1066 2054 1137 2117 δια-

120 2160 310 2243 λογισμούς.
347 2159 366 2224 ὁ
390 2154 427 2222 δέ
450 2159 613 2223 διαλιπὼν
632 2158 745 2241 ὀλίγας
762 2159 855 2235 τινάς
871 2155 1005 2242 ἡμέρας,
1029 2157 1065 2223 ἐν
1084 2149 1172 2235 αἶς3

120 2266 181 2342 τάς
212 2265 310 2350 εὐχάς
337 2263 498 2330 ἀπεδίδου
525 2275 594 2341 τοῖς
620 2267 713 2341 θεοῖς
739 2263 795 2329 καὶ
821 2265 879 2341 τάς
905 2264 1137 2350 ὑστεριζούσας

122 2370 266 2456 ὁλκάδας
292 2368 481 2456 ἀνεδέχετο,
509 2369 622 2455 ἐπειδη
646 2372 759 2457 καιρὸς
780 2365 838 2454 ἦν,
867 2373 929 2457 ἔφη
953 2373 1136 2456 βούλεσθαι
1149 2394 1176 2436 ω

121 2477 163 2541 τά
185 2473 376 2562 πραχθέντα
398 2477 479 2541 κατά
502 2478 561 2541 τὸν
579 2475 691 2558 ἀγῶνα
709 2477 792 2562 πρὸς
809 2477 870 2560 την
888 2480 1015 2563 βουλὴν
1034 2478 1136 2563 ἀπαγ-

121 2587 230 2664 γείλαι
251 2579 307 2646 καὶ
330 2583 370 2646 τά
393 2581 429 2647 ἐκ
447 2592 507 2648 τοῦ
525 2581 672 2665 πολέμου
691 2583 823 2669 λάφυρα
842 2583 1020 2663 ἀποδείξαι.
1057 2602 1136 2650 συν-

122 2690 294 2753 ελθόντων
323 2681 359 2752 δέ
386 2698 453 2752 τῶν
481 2686 517 2751 ἐν
541 2684 627 2752 τέλει
653 2689 734 2753 κατά
761 2693 891 2773 πλῆθος
917 2692 965 2767 είς
991 2692 1029 2756 τὸ
1056 2694 1137 2775 βου-

53 2794 297 2878 Ιεειλευτηριον
325 2792 343 2858 δ
372 2789 434 2877 μὲν
461 2791 658 2879 ἐδημηγόρει
684 2786 863 2878 παρελθὼν
890 2793 942 2861 καὶ
966 2794 1074 2859 πάντα
1095 2796 1136 2860 τά

121 2901 285 2982 γενόμενα
311 2900 392 2963 κατά
418 2900 480 2983 τὴν
508 2899 615 2984 μάχην
643 2898 781 2986 διεξῄει,
808 2901 843 2965 οί
870 2897 907 2965 δέ
929 2915 1136 2983 παρασκευα-
1151 2919 1177 2962 ει

123 3003 259 3082 σθέντες
278 3001 334 3071 ὑπ’
352 3004 456 3071 αὐτοῦ
474 3004 631 3090 συνεργοὶ
648 3016 707 3092 τῆς
724 3004 905 3082 ἐπιθέσεως
922 3007 1052 3091 ἔχοντες
1069 3007 1135 3074 ὑπὸ

193 3237 210 3285 5
233 3226 354 3301 ἐπήγετο
373 3229 396 3284 Β
419 3230 577 3301 ὑπηγάγετο
595 3232 621 3286 R
644 3228 799 3302 ἐπηγάγετο
823 3249 846 3287 ο.
871 3231 1003 3287 Gelenius
1028 3236 1057 3289 et
1080 3235 1135 3292 def.

121 3302 232 3372 Krfiger
254 3303 293 3356 ad
316 3301 397 3357 Dion.
417 3303 488 3359 Eiet.
511 3321 539 3372 p.
559 3308 594 3356 94
667 3309 683 3357 6
705 3300 911 3392 κεκοσμημένος
935 3303 957 3358 Ο
981 3308 1093 3374 praeter
1112 3305 1135 3359 B

124 3379 157 3427 14
176 3373 216 3436 είς
234 3370 314 3428 οἷκον
333 3372 385 3426 AB
433 3378 464 3427 17
483 3373 652 3445 πονηρὰς·
665 3374 858 3442 διαλλαγαςΒ
905 3382 937 3431 18
957 3375 1135 3450 διαλ<ι>πών

122 3445 145 3498 Β
198 3451 234 3500 20
252 3441 402 3512 ἀνεδέχετο
420 3446 443 3498 Β
463 3439 573 3514 ἐδέχετο
591 3444 617 3497 R
671 3450 704 3498 22
725 3448 900 3500 σννελθότων
919 3447 941 3499 Β
