2424 3848
139 167 203 232 308
560 166 728 218 -Θ-

136 332 213 406 τοὺς
235 328 300 394 ὑπὸ
324 338 395 405 ταῖς
417 330 571 411 σημαίαις
592 328 772 405 τοσούτους
794 328 920 412 ἀνδρας
941 330 989 404 είς
1011 329 1073 412 τὴν
1091 332 1152 395 πό-

137 441 192 501 λιν
215 433 435 521 ἀναστρέφειν
457 434 538 499 ἀνευ
561 436 772 519 ψηφίσματος
794 438 929 518 βουλῆς,
953 434 1152 521 δυναμένων

137 553 203 608 τῶν
224 542 420 629 ἱερουργιῶν
437 538 493 606 καί
513 537 557 604 δι’
575 537 696 627 ἐτέρων
710 539 960 625 ἐπιτελεσθῆναι
978 552 1046 607 τῶν
1061 565 1153 625 μετε-

137 650 266 734 χόντων
289 643 350 732 μὲν
373 655 433 712 τοῦ
456 647 561 713 αὐτοῦ
583 645 718 731 γένους,
742 650 997 732 προβεβηκότων
1021 644 1060 712 δὲ
1081 659 1154 727 ταῖς

111 752 292 836 εὴλικίαις·
316 750 385 819 οὔτ’
408 755 441 818 εί
461 753 582 830 πάντες
604 751 857 837 ἀπεληλύθεσαν
881 752 917 818 ἐκ
940 762 996 836 τῆς
1014 756 1153 839 πόλεως,

137 858 193 924 καὶ
220 860 363 944 μηδεμία
390 870 490 946 μοῖρα
516 869 577 925 τοῦ
606 863 744 943 Φαβίων
772 858 890 942 γένους
917 859 954 926 ἐν
980 870 1051 936 τοϊς
1078 860 1206 945 ἔφα-179Ὶ

139 969 244 1042 στίοις
266 965 470 1050 ὑπελείπετο,
493 965 617 1042 πάντας
639 967 726 1041 είκὸς
743 959 787 1047 ἦν
805 967 883 1042 τοὺς
900 964 1097 1050 κατέχοντας
1115 970 1152 1033 τὸ

138 1072 303 1158 φρούριον
327 1069 472 1137 ἐκλιπεῖν
491 1072 595 1138 αὐτοῦ
614 1073 674 1156 τὴν
692 1074 859 1156 φυλακήν·
882 1073 1008 1157 ἤρκουν
1026 1073 1091 1157 γὰρ
1111 1072 1153 1139 ἀν

138 1176 193 1242 καί
220 1188 309 1264 τρεῖς
331 1177 351 1261 ἢ
374 1176 523 1263 τέτταρες
551 1177 746 1262 ἀφικόμενοι
774 1176 966 1243 συντελέσαι
993 1176 1068 1260 περὶ
1092 1188 1152 1246 τοῦ

99 1305 126 1345 10
140 1281 257 1367 γένους
285 1284 365 1350 ὅλου
393 1286 433 1350 τὰ
462 1285 542 1370 ίερά.
588 1285 644 1350 ἀιά
671 1280 732 1368 μέν
761 1283 803 1366 δὴ
825 1285 1024 1362 ταύταςτὰς
1047 1287 1154 1363 αίτίας

140 1389 201 1455 οὐκ
225 1387 321 1467 ἔδοξέ
340 1414 396 1474 μοι
418 1394 533 1467 πιστὸς
556 1385 641 1456 εἶναι
664 1390 682 1456 ὁ
706 1393 812 1473 λόγος.

206 1494 278 1561 XX.
313 1495 348 1560 Ὁ
381 1493 410 1561 θ’
438 1496 563 1582 ἕτερος,
596 1496 635 1562 ὃν
663 1494 888 1583 ἀληθέστερον
916 1492 1002 1562 εἶναι
1029 1501 1152 1581 νομίζω

140 1604 219 1686 περί
243 1624 277 1667 τε
305 1611 362 1686 τῆς
389 1597 553 1680 ἀπωλείας
578 1614 646 1669 τῶν
675 1603 809 1687 ἀνδρῶν
836 1600 893 1668 καί
919 1602 1154 1686 τῆςάλώσεως

140 1717 201 1772 τοῦ
232 1700 415 1794 φρουρίου,
446 1711 576 1775 τοιόσδε
604 1713 654 1786 τίς
680 1707 779 1775 ἐστιν.
830 1707 986 1786 ἐξιόντων
1014 1707 1069 1774 ἐπὶ
1096 1711 1154 1787 τὰς

102 1834 127 1874 15
141 1815 310 1900 προνομὰς
332 1825 398 1881 τῶν
421 1813 556 1900 ἀνδρῶν
578 1814 737 1891 πολλάκις
758 1812 813 1880 καὶ
832 1815 888 1879 διὰ
906 1816 943 1879 τὸ
961 1821 1152 1900 κατορθοῦν

142 1918 179 1985 ἐν
201 1931 273 1998 ταῖς
295 1925 423 2007 πείραις
445 1928 600 2007 συνεχῶςΙ
614 1919 812 2008 προσωτέρω
834 1921 1102 2006 προχωρούντων
1121 1924 1155 1987 οἱ

146 2025 313 2112 Τυρρηνοὶ
343 2025 645 2114 παρεσκευασμένοι
675 2027 831 2113 στρατιάν
861 2028 988 2112 συχνὴν
1017 2025 1055 2093 έν
1085 2039 1154 2105 τοῖς

142 2134 275 2216 ἔγγιστα
302 2137 436 2219 χωρίοις
458 2136 618 2210 λαθόντες
640 2135 718 2210 τοὺς
739 2137 918 2219 πολεμίους
939 2150 1153 2216 κατεστρατο-

141 2236 316 2305 πέδευσαν.
361 2236 459 2305 ἔπειτ’
485 2237 740 2316 ἀποστέλλοντες
767 2238 803 2304 ἐκ
830 2249 897 2304 τῶν
924 2242 1056 2326 χωρίων
1081 2244 1154 2306 ποί-

102 2365 128 2405 ιο
142 2369 226 2428 μνας
247 2368 283 2410 τε
304 2343 360 2410 καὶ
384 2348 543 2428 βουκόλια
560 2342 615 2409 καὶ
633 2345 815 2430 φορβάδων
833 2343 953 2429 ἀγέλας
971 2345 1082 2411 ἰ’ππων
1102 2345 1155 2413 ἐπὶ

141 2452 250 2535 νομὴν
272 2460 318 2538 τῷ
342 2454 430 2539 λόγῳ
451 2450 702 2536 προύκαλοῦντο
725 2454 803 2528 τοὺς
821 2452 946 2537 ἀνδρας
964 2449 1018 2517 ἐπὶ
1036 2462 1154 2519 ταῦτα·

142 2557 178 2622 οί
203 2555 233 2621 θ’
261 2556 403 2635 ἐξιόντες
424 2557 503 2633 τούς
525 2555 552 2621 τ’
579 2557 779 2645 ἀνθρώπους
802 2559 1012 2643 συνήρπαζον
1035 2555 1092 2622 καὶ
1115 2560 1205 2624 τάιλό

106 2665 332 2747 2βοσκήματα
359 2666 591 2750 περιήλαυνον.
636 2673 734 2730 τοῦτο
758 2674 904 2748 συνεχῶς
926 2664 961 2728 οί
986 2663 1155 2748 Τυρρηνοί

141 2778 315 2846 ποιοῦντες
336 2767 392 2835 καὶ
413 2773 636 2854 προαγόμενοι
658 2772 736 2847 τοὺς
757 2773 936 2854 πολεμίους
954 2767 1006 2834 ἀεὶ
1024 2787 1156 2856 προσω-

102 2872 226 2961 εετέρω
254 2883 314 2942 τοῦ
340 2874 497 2961 χάρακος,
524 2873 637 2959 ἐπειδὴ
661 2874 858 2961 διέφθειραν
881 2874 992 2940 αὐτῶν
1014 2877 1051 2941 τὸ
1075 2898 1156 2963 προ-

141 2982 297 3065 νοητικὸν
324 2991 384 3047 τοῦ
412 2980 582 3066 ἀσφαλοῦς
608 2992 680 3057 ταῖς
707 2980 880 3066 συνεχέσιν
906 2980 1080 3064 ὠφελείαις
1103 2983 1156 3047 δε-

141 3086 333 3170 λεάσαντες,
356 3084 568 3170 ἐγκαθίζουσι
591 3091 710 3172 λόχους
733 3085 769 3152 έν
793 3098 862 3164 τοῖς
885 3085 1066 3172 ἐπικαίροις
1088 3099 1156 3153 τῶν

214 3283 228 3330 1
250 3280 376 3347 σημαίαις
393 3277 446 3332 ΑΒ
507 3286 523 3332 3
544 3274 694 3402 ίιρυνργῶν
712 3279 738 3332 Α
796 3283 814 3332 4
833 3279 925 3332 αὐτῶν
944 3286 994 3333 τοῦ
1013 3277 1114 3348 γένους
1132 3281 1157 3333 Α

142 3354 159 3403 8
181 3343 332 3422 ἢ<ρκονν>
350 3349 398 3404 Bb
479 3356 494 3403 9
517 3368 571 3418 περ
602 3347 715 3418 Οῦτιέρ
734 3347 837 3404 Reiske
916 3355 947 3403 11
973 3348 1021 3404 όῦε
1041 3349 1056 3404 ὃ
1077 3351 1157 3421 λόγος

143 3416 166 3472 Ο
185 3421 298 3485 praeter
315 3420 338 3473 B
412 3426 445 3476 16
464 3421 591 3491 σπείραις
609 3418 661 3475 Ac
679 3421 789 3488 πείραις
806 3417 910 3489 BGmg
