2424 3848
495 189 656 237 -z-
1039 184 1081 249 85

68 345 243 434 ηργμένοις
264 349 374 433 ἔργοις
394 346 573 413 ἀκόλουθα.
620 349 651 412 εί
673 345 703 412 δ’
726 345 970 434 αὐθαδέστερος
992 351 1082 412 ἔσται

68 459 193 538 μᾶλλον
217 454 238 538 ἢ
261 455 487 541 μετριώτερος,
509 453 564 519 καὶ
587 455 648 538 τὴν
671 456 798 539 βουλὴν
821 453 954 532 ἀξιώσει
976 454 1082 519 πάντα

67 562 227 627 κίνδυνον
251 558 295 625 δι’
319 559 438 628 ἑαυτὸν
460 560 655 646 ὑπομένειν,
682 563 787 645 κακὴν
809 558 870 645 μὲν
892 557 1009 645 ἧτταν,
1033 563 1082 625 αί-

67 670 171 754 σχρδιν
199 663 237 733 δὲ
264 670 362 751 νίκην
389 679 459 744 τοῖς
480 674 648 733 πεισθεῖσι
670 667 856 751 προσάψειν
879 668 981 734 αὐτὸν
1005 666 1082 733 ἀπέ-

67 794 201 860 φαινεν·
233 769 276 858 ἦν
303 771 331 839 τ’
358 773 504 840 ἐνταῦθα
530 777 635 852 πολὺς
662 775 909 861 ὀλοφυρόμενος
936 773 1081 840 καὶτῶν
1109 797 1122 837 5

66 883 389 981 καταλαμβανόντων
416 892 526 947 κακῶν
554 882 611 958 τάς
638 884 750 958 πόλεις
778 881 815 946 ἐν
837 893 908 958 ταῖς
932 882 1081 967 διχοστα-

67 993 154 1066 σίαις
177 991 217 1054 τὰ
241 986 377 1073 μέγιστα
399 986 455 1054 καλ
477 990 692 1074 φανερώτατα
715 988 953 1074 ἐπιλεγόμενος.

14 1106 68 1161 ιον
135 1094 207 1160 LV.
241 1093 384 1172 Διεξιὼν
411 1091 449 1161 δέ
475 1104 578 1161 ταῦτα
605 1096 686 1179 μετὰ
707 1099 840 1161 πολλῶν
864 1095 1019 1178 δακρύων
1041 1094 1082 1159 οὐ

68 1212 302 1287 προσποιητῶν
323 1199 379 1266 καλ
401 1201 654 1286 πεπλασμένων,
682 1199 753 1266 ἀλλ’
781 1202 970 1286 ἀληθινῶν,
998 1199 1082 1282 ἀνὴρ

69 1308 197 1392 ἡλικίας
220 1331 254 1373 τε
276 1306 332 1373 καὶ
354 1306 471 1392 ἀρετῆς
493 1307 626 1386 ἀξιώσει
648 1309 817 1393 προῦχων,
840 1308 884 1384 ῶς
907 1309 1010 1391 ἔμαθε
1033 1330 1082 1370 κι-
1097 1329 1122 1369 10

69 1417 237 1500 νοάμενον
269 1413 322 1480 ἐπὶ
353 1425 423 1492 τοῖς
449 1415 641 1500 λεγομένοις
667 1418 704 1481 τὸ
733 1414 927 1500 συνέδριον,
959 1413 995 1478 έκ
1021 1423 1082 1478 τοῦ

68 1524 312 1610 τεθαρρηκότος
333 1523 397 1606 ἤδη
420 1524 458 1588 τὸ
483 1525 600 1589 λοιπὸν
624 1522 779 1608 ἐξύφαινε
801 1533 869 1588 τῶν
892 1524 1014 1605 λόγων·
1040 1522 1084 1584 Εἰ

69 1628 106 1694 δέ
125 1652 218 1706 τινες
239 1628 351 1713 ὑμῶν,
375 1618 405 1693 ’ὦ
429 1632 621 1713 βουλευταί,
644 1627 767 1712 λέγων,
789 1628 1003 1712 ταράττονται
1027 1629 1083 1693 δο-

68 1745 205 1810 κοῦντες
228 1736 307 1812 έθος
330 1735 474 1818 εἰσάγειν
497 1737 646 1820 πονηρὸν
669 1737 715 1813 είς
737 1736 799 1819 την
821 1738 932 1818 πόλιν,
956 1734 1014 1801 ἐὰν
1036 1743 1080 1822 τῶ

68 1843 161 1931 δήμῳ
191 1845 423 1927 συγχωρήσητε
445 1852 560 1928 ψῆφον
584 1840 752 1927 ἐπιφέρειν
775 1845 856 1907 κατά
879 1853 945 1907 τῶν
968 1863 1082 1925 πατρι·
1096 1862 1122 1903 15

67 1952 166 2032 κίων,
194 1946 250 2013 καὶ
277 1945 326 2013 ἐπ’
354 1947 468 2015 οὐδενὶ
497 1949 615 2037 ἀγαθῶ
644 1952 814 2033 νομίζουσι
842 1951 903 2033 τὴν
930 1960 996 2013 τῶν
1025 1950 1083 2031 δη-

66 2055 204 2141 μάρχων
229 2053 381 2132 ἐξουσίαν
404 2057 532 2139 πολλὴν
556 2058 653 2141 ίσχὺν
677 2059 846 2140 λαβοῦσαν
870 2057 1082 2138 γενήσεσθαι,

65 2158 266 2245 μαθέτωσαν
294 2160 536 2245 ἁμαρτάνοντες
562 2162 661 2246 <τῆς>
685 2160 782 2245 δόξης
804 2159 859 2226 καλ
881 2160 1038 2226 τάναντία
1061 2160 1081 2244 ἢ

63 2275 235 2356 προσῆκεν
261 2268 486 2353 ὑπειληφότες.
532 2270 563 2332 εί
588 2269 651 2353 γάρ
678 2292 709 2332 τι
737 2266 792 2333 καλ
815 2269 897 2334 ἀλλο
921 2272 1117 2351 σωτηρίας2

63 2381 177 2440 αῖτιον
199 2375 289 2438 ἔσται
312 2383 351 2458 τῇ
370 2377 464 2440 πόλει
482 2376 560 2460 τῇδε
578 2373 712 2441 καὶτοῦ
730 2373 892 2459 μηδέποτε
911 2377 972 2459 την
991 2375 1081 2440 έλευ-
1096 2396 1122 2436 ω

62 2483 189 2564 θερίαν
218 2476 301 2564 μηδὲ
328 2482 389 2563 τὴν
416 2483 513 2567 ίσχῦν
541 2482 780 2567 ἀφαιρεθῆναι,
810 2482 1020 2567 ὁμονοοῦσαν
1048 2478 1079 2546 δ’

14 2584 118 2652 ι4όάελ
145 2584 202 2651 καλ
229 2597 288 2674 μιᾷ
316 2589 430 2673 γνώμη
456 2586 532 2668 περὶ
554 2589 688 2654 πάντων
711 2586 884 2674 χρωμένην
908 2590 1082 2670 διατελεῖν,

64 2694 83 2760 ὁ
99 2695 206 2777 δῆμος
219 2694 409 2771 αίτιώτατος
427 2696 516 2759 ἔσται
536 2696 833 2780 συμπαραληφθεὶς
851 2692 904 2758 ἐπὶ
923 2696 963 2758 τὰ
979 2694 1082 2778 πράγ-

64 2818 166 2884 ματα·
196 2797 251 2863 καλ
278 2801 315 2866 τὸ
343 2801 387 2884 μὴ
411 2804 490 2884 μίαν
514 2797 683 2886 εἶναιτὴν
707 2803 900 2866 διοικοῦσαν
923 2801 963 2864 τὰ
985 2801 1081 2865 κοινά

65 2908 238 2972 πολιτείαν
265 2906 408 2992 άκρατον
432 2908 534 2991 <μήτε
557 2909 761 2994 μοναρχίαν>
788 2904 862 2991 μήτ’
888 2906 1081 2992 όλνγαρχίαν
1096 2923 1122 2965 25

139 3105 230 3153 ὁτῶν
249 3115 303 3154 om.
321 3101 346 3153 A
421 3105 452 3152 12
471 3099 502 3153 τδ
522 3104 618 3154 λεῖπον
637 3099 660 3152 Β
680 3117 733 3154 om.
752 3099 778 3152 R
797 3102 801 3170 Ι
823 3095 996 3168 έξέφαινεΟ
1021 3092 1083 3164 3225-

67 3188 154 3239 φαινε
174 3168 296 3238 Sylburg
311 3170 316 3238 Ι
331 3169 380 3223 τὸν
399 3168 481 3239 λόγον
500 3171 576 3224 ABa
650 3178 681 3224 1⁵1
703 3173 917 3244 προσλαβοῦσαν
936 3186 959 3225 ο.
978 3167 1082 3223 Roiske

69 3246 102 3296 18
120 3247 170 3308 της
187 3240 251 3295 add.
270 3239 414 3309 Kiessling
438 3244 442 3310 Ι
467 3239 604 3296 τάναντία
621 3241 799 3311 προσήκοντα
817 3243 841 3294 A
864 3262 888 3297 τ.
907 3238 924 3310 ἢ
943 3241 979 3296 τὰ
996 3260 1018 3295 π
1037 3250 1084 3295 οσ-

68 3309 174 3378 ήκοντα
192 3310 215 3363 Β
233 3312 369 3366 τάναντία
383 3309 400 3378 ἢ
415 3313 551 3382 προσήκει
564 3314 664 3367 Portus
682 3333 705 3366 τ.
721 3310 738 3380 ἢ
752 3321 893 3383 προσῆκεν
913 3313 1001 3368 Cobet
1016 3262 1081 3367 δότ.

69 3399 95 3505 ιχ.
115 3387 166 3436 147
239 3388 272 3436 21
297 3382 364 3452 μήτε
385 3381 407 3436 0
431 3384 502 3454 μηδὲ
521 3383 666 3453 Kiessling
741 3391 774 3438 ‘22
798 3385 944 3439 τοάτωνΟ
968 3383 1081 3439 πάντων

89 3452 191 3522 ylburg
261 3459 296 3508 25
315 3452 383 3524 μήτε
402 3457 559 3524 μοναρχίαν
579 3455 642 3508 add.
662 3454 807 3525 Kiessling
