2424 3848
105 179 171 245 206
530 185 694 233 -Η-

70 339 196 407 2ταῦτ’
222 342 326 407 είπὼν
353 339 406 406 έπὶ
433 341 494 424 τήν
523 342 651 426 σκηνήν
673 337 771 428 άπήει
794 342 952 418 κελεύσας
979 339 1122 409 ἀκολου-

104 453 182 512 θεῖν
209 450 269 531 τήν
296 471 332 513 τε
359 445 482 531 μητέρα
508 446 563 513 καὶ
590 448 652 531 τήν
680 459 822 532 γυναῖκα
846 445 905 513 ’καὶ
927 448 967 512 τά
989 448 1122 533 παιδία,

105 556 191 618 ένθα
213 555 272 619 τὸν
296 556 414 620 λοιπὸν
436 562 494 636 τῆς
514 552 638 638 ἡμέρας
659 557 783 640 χρόνον
802 552 1031 637 σκοπούμενος
1053 556 1120 620 σύν

105 659 234 743 αὐταῖς,
263 659 281 724 ὅ
304 684 336 725 τι
358 661 420 745 χρή
443 660 610 746 πράττειν,
634 658 826 725 διετέλεσεν.
870 654 914 742 ήν
939 655 976 723 δὲ
998 661 1038 724 τά
1062 661 1121 726 δό-

77 764 205 844 ῡξαντα
228 765 341 843 αὐτοῖς
363 765 487 831 τοιάδε·
517 764 593 852 περὶ
615 761 676 850 μὲν
698 773 756 849 τῆς
777 766 929 831 καθόδου
952 767 1033 849 μήτε
1056 767 1120 850 τήν

104 872 231 955 βουλήν
254 871 347 949 τέλος
369 867 478 957 μηθὲν
497 870 648 958 ἐκφέρειν
667 873 714 948 είς
735 873 794 938 τὸν
814 873 921 956 δῆμον
940 867 1013 955 μήτ’
1036 869 1121 936 έκεῖ-

104 1002 166 1043 νον
194 977 418 1063 ἐπιψηφίζειν,
445 976 524 1060 πρὶν
551 977 593 1042 ἀν
620 989 690 1054 τοῖς
719 977 945 1071 Οὐολούσκοις
976 975 1118 1062 εὐτρεπῆ

104 1082 238 1168 γένηται
260 1086 301 1148 τά
323 1082 399 1170 περὶ
428 1088 542 1169 φιλίας
563 1081 619 1148 καὶ
642 1084 851 1161 καταλύσεως
872 1092 933 1149 τοῦ
955 1080 1117 1168 πολέμου·

104 1189 206 1255 αὐτὸν
236 1186 274 1254 δὲ
302 1191 363 1273 τήν
393 1191 550 1277 στρατιάν
579 1189 808 1273 ἀναστήσαντα
842 1191 886 1266 ὡς
915 1190 971 1254 διά
1003 1193 1190 1273 φιλίαςισεε

64 1317 89 1356 ιο
104 1305 163 1380 γῆς
190 1295 343 1379 ἀπάγειν·
371 1296 559 1382 ὑποσχόντα
587 1293 625 1360 δὲ
652 1305 709 1379 τῆς
731 1295 834 1382 ἀρχῆς
855 1299 957 1379 λόγον
980 1293 1035 1361 καλ
1059 1296 1119 1374 τάς

103 1401 292 1485 εὐεργεσίας
319 1400 584 1485 ,ἀποδειξάμενον
620 1401 737 1479 ἀξιοῦν
768 1405 847 1478 τούς
878 1398 1119 1488 ἐπιτρέψαντας

103 1507 191 1593 αὐτῷ
214 1507 276 1589 τήν
300 1507 468 1593 στρατιάν,
491 1508 632 1591 μάλιστα
655 1503 716 1591 μὲν
738 1510 835 1593 φιλία
858 1505 1015 1592 δέχεσθαι
1036 1510 1117 1585 τούς

103 1615 281 1695 πολεμίους
299 1610 353 1676 καὶ
372 1615 542 1696 συνθήκας
559 1616 764 1698 ποιήσασθαι
782 1615 923 1697 δικαίας,
945 1613 1035 1702 αὐτῷ
1053 1615 1116 1698 τὴν

105 1719 238 1800 ἰσότητα
263 1715 319 1782 καὶ
348 1719 385 1784 τὸ
409 1720 453 1802 μή
478 1725 643 1803 σφαλῆναι
665 1717 742 1805 περὶ
765 1720 822 1796 τάς
844 1720 1022 1804 ὁμολογίας
1045 1719 1117 1785 έπι-

64 1808 294 1920 ᾗτρέύαντας.
340 1826 372 1888 εί
393 1821 423 1888 δ’
450 1822 503 1889 έπὶ
526 1835 595 1902 τοῖς
616 1823 893 1912 κατωρθωμένοις
915 1829 1033 1910 σφίσιν
1056 1826 1117 1892 αὐ-

103 1930 241 2005 θαδείας
268 1928 554 2015 ἀναπιμπλάμενοι
581 1933 626 2016 μή
657 1930 806 2017 δέχοιντο
836 1933 894 2008 τάς
924 1931 1117 2015 διαλλαγάς,

103 2032 307 2120 ἀφίστασθαι
334 2046 391 2120 τῆς
417 2036 519 2124 ἀρχῆς
545 2037 665 2114 αὐτοῖς.
710 2038 822 2123 ή-γάρ
851 2037 912 2123 οὐχ
934 2037 1116 2121 ὑπομενεῖν

103 2141 225 2218 αὐτοὺς
250 2143 354 2208 ἀλλον
382 2144 455 2209 τινά
483 2144 650 2227 αίρείσθαι
683 2146 867 2229 στρατηγὸν
896 2138 939 2208 δι’
971 2142 1116 2229 ἀπορίαν

103 2246 236 2331 ἀγαθοῦ
266 2248 444 2333 ἡγεμόνος,
480 2249 500 2333 ή
537 2251 907 2336 παρακινδυνεύσαντας
939 2249 1116 2338 ὁτῳδήτινι

64 2373 90 2413 ιο
103 2355 312 2438 παραδοῦναι
340 2356 397 2432 τάς
424 2356 581 2440 δυνάμεις
609 2359 672 2420 σὺν
699 2356 824 2442 μεγάλῃ
848 2357 1116 2441 διδαχθήσεσθαι

103 2458 210 2545 βλάβῃ
233 2460 294 2543 τήν
316 2470 376 2525 τοῦ
400 2461 627 2548 συμφέροντος
649 2462 786 2548 αἵρεσιν.
831 2463 872 2526 τά
894 2458 956 2546 μὲν
975 2462 1016 2544 δή
1036 2464 1116 2545 βαυ-

104 2564 266 2631 λευθέντα
289 2567 402 2644 αὐτοῖς
423 2566 478 2632 καὶ
499 2568 640 2646 δόξαντα
659 2569 770 2634 δίκαιά
787 2591 822 2633 τε
845 2565 900 2634 καὶ
924 2567 999 2633 ὅσια
1018 2563 1117 2651 εἶναι,

103 2675 214 2758 φήμης
243 2669 272 2737 τ’
304 2672 435 2758 ἀγαθῆς
464 2672 515 2758 ἐφ’
547 2668 568 2760 ᾗ
599 2675 740 2758 μάλιστα
770 2674 788 2740 ὁ
819 2673 904 2760 ἀνήρ
935 2672 1117 2752 ἐσπούδαζε

68 2779 192 2864 4παρά
214 2787 294 2843 πᾶσι
317 2778 508 2865 τευξόμενα,
530 2780 641 2845 τοιάδε
664 2774 716 2864 ἦν.
762 2778 915 2866 έτάραττε
934 2777 975 2844 δέ
990 2803 1040 2856 τις
1058 2779 1118 2844 αὐ-

64 2901 90 2941 2⁵
103 2888 182 2961 τούς
204 2885 331 2964 ὐπούία
355 2883 430 2962 δέος
453 2887 584 2971 ἔχουσα,
607 2889 652 2970 μή
674 2907 753 2951 ποτε
771 2884 946 2969 ἀλόγιστος
963 2887 1060 2970 όχλος
1079 2884 1119 2951 έν

104 2990 213 3056 ἐλπίδι
240 3000 300 3056 τοῦ
327 2989 669 3076 καταπεπολεμηκέναι
697 2993 734 3057 τὸ
767 2990 948 3057 ἀντίπαλον
975 2992 1040 3074 ήδη
1069 2991 1120 3056 ὢν

105 3095 148 3163 δι’
181 3097 281 3184 ὀργῆς
313 3095 456 3183 ἀκράτου
488 3097 573 3184 λάβῃ
604 3099 666 3182 τήν
697 3097 878 3183 ἀποτυχίαν
908 3097 1045 3161 κάπειτα
1072 3097 1188 3178 ὡς1634

104 3205 272 3288 προδότην
291 3202 393 3269 αὐτὸν
407 3198 487 3268 οὐδὲ
501 3206 603 3286 λόγον
618 3206 779 3288 μεταδοὺς
793 3204 983 3291 αὐτοχειρίῃ
999 3204 1120 3290 φθάσῃ

176 3358 278 3429 ὁμήτε
297 3359 348 3427 τήν
368 3359 471 3431 βουλὴν
499 3359 567 3429 μήτε
587 3359 653 3414 ἀλλο
672 3359 765 3429 μηθὲν
783 3360 809 3413 Α
899 3358 971 3416 8τά
989 3376 1043 3416 om.
1063 3324 1121 3414 AB

107 3435 139 3482 16
159 3429 386 3499 ἀναπιπλάμενοι
405 3429 431 3482 A
503 3435 536 3484 17
555 3428 706 3500 ὑπομένειν
725 3430 777 3483 ΑΒ
