<?xml version="1.0" encoding="UTF-8"?>
<!DOCTYPE html PUBLIC "-//W3C//DTD XHTML 1.0 Transitional//EN"
    "http://www.w3.org/TR/xhtml1/DTD/xhtml1-transitional.dtd">
<html xmlns="http://www.w3.org/1999/xhtml" xml:lang="en" lang="en">
 <head>
  <title>
</title>
<meta http-equiv="Content-Type" content="text/html;charset=utf-8" />
  <meta name='ocr-system' content='tesseract 3.04.00' />
  <meta name='ocr-capabilities' content='ocr_page ocr_carea ocr_par ocr_line ocrx_word'/>
</head>
<body>
  <div class='ocr_page' id='page_1' title='image "./dionysihalicarn04diongoog_0015.png"; bbox 0 0 2424 3848; ppageno 0'>
   <div class='ocr_carea' id='block_1_1' title="bbox 101 199 690 293">
    <p class='ocr_par' dir='ltr' id='par_1_1' title="bbox 101 199 690 293">
     <span class='ocr_line' id='line_1_1' title="bbox 101 199 690 293; baseline 0 -29"><span class='ocrx_word' id='word_1_1' title='bbox 101 199 123 264; x_wconf 83' lang='grc' dir='ltr'><strong><em>ε</em></strong></span> <span class='ocrx_word' id='word_1_2' title='bbox 519 205 690 293; x_wconf 12' lang='grc' dir='ltr'><strong><em>Ι-ι-</em></strong></span> 
     </span>
    </p>
   </div>
   <div class='ocr_carea' id='block_1_2' title="bbox 38 358 1190 3094">
    <p class='ocr_par' dir='ltr' id='par_1_2' title="bbox 38 358 1190 3094">
     <span class='ocr_line' id='line_1_2' title="bbox 101 358 1119 446; baseline -0.001 -19"><span class='ocrx_word' id='word_1_3' title='bbox 101 365 229 428; x_wconf 86' lang='grc' dir='ltr'><strong><em>πολλοῦ</em></strong></span> <span class='ocrx_word' id='word_1_4' title='bbox 262 358 450 427; x_wconf 73' lang='grc' dir='ltr'><strong><em>διετέλεσαν</em></strong></span> <span class='ocrx_word' id='word_1_5' title='bbox 482 361 546 428; x_wconf 86' lang='grc' dir='ltr'><strong><em>άπὸ</em></strong></span> <span class='ocrx_word' id='word_1_6' title='bbox 574 372 641 427; x_wconf 83' lang='grc' dir='ltr'><strong><em>τῶν</em></strong></span> <span class='ocrx_word' id='word_1_7' title='bbox 669 361 841 446; x_wconf 77' lang='grc' dir='ltr'><strong><em>στομάτων</em></strong></span> <span class='ocrx_word' id='word_1_8' title='bbox 868 361 1119 446; x_wconf 78' lang='grc' dir='ltr'><strong><em>ἀναχωροῦντες</em></strong></span> 
     </span>
     <span class='ocr_line' id='line_1_3' title="bbox 65 458 1188 553; baseline 0.001 -19"><span class='ocrx_word' id='word_1_9' title='bbox 65 465 156 534; x_wconf 77' lang='grc' dir='ltr'><strong><em>4έπὶ</em></strong></span> <span class='ocrx_word' id='word_1_10' title='bbox 183 467 241 544; x_wconf 80' lang='grc' dir='ltr'><strong><em>τάς</em></strong></span> <span class='ocrx_word' id='word_1_11' title='bbox 267 465 381 552; x_wconf 88' lang='grc' dir='ltr'><strong><em>πηγάς.</em></strong></span> <span class='ocrx_word' id='word_1_12' title='bbox 427 476 525 535; x_wconf 77' lang='grc' dir='ltr'><strong><em>τοῦτο</em></strong></span> <span class='ocrx_word' id='word_1_13' title='bbox 553 458 800 551; x_wconf 82' lang='grc' dir='ltr'><strong><em>καταμαθόντες</em></strong></span> <span class='ocrx_word' id='word_1_14' title='bbox 823 468 859 533; x_wconf 85' lang='grc' dir='ltr'><strong><em>οί</em></strong></span> <span class='ocrx_word' id='word_1_15' title='bbox 878 471 1025 553; x_wconf 77' lang='grc' dir='ltr'><em>Κυμαῖοι</em></span> <span class='ocrx_word' id='word_1_16' title='bbox 1048 464 1188 536; x_wconf 80' lang='grc' dir='ltr'><strong><em>τότ’1318</em></strong></span> 
     </span>
     <span class='ocr_line' id='line_1_4' title="bbox 103 571 1118 660; baseline 0.001 -22"><span class='ocrx_word' id='word_1_17' title='bbox 103 571 296 659; x_wconf 77' lang='grc' dir='ltr'><strong><em>ἐθάρρησαν</em></strong></span> <span class='ocrx_word' id='word_1_18' title='bbox 324 573 424 657; x_wconf 87' lang='grc' dir='ltr'><strong><em>ὁμόσε</em></strong></span> <span class='ocrx_word' id='word_1_19' title='bbox 451 583 521 650; x_wconf 74' lang='grc' dir='ltr'><strong><em>τοῖς</em></strong></span> <span class='ocrx_word' id='word_1_20' title='bbox 547 573 728 660; x_wconf 79' lang='grc' dir='ltr'><strong><em>βαρβάροις</em></strong></span> <span class='ocrx_word' id='word_1_21' title='bbox 752 586 873 660; x_wconf 80' lang='grc' dir='ltr'><strong><em>χωρεῖν</em></strong></span> <span class='ocrx_word' id='word_1_22' title='bbox 896 575 941 651; x_wconf 82' lang='grc' dir='ltr'><strong><em>ὡς</em></strong></span> <span class='ocrx_word' id='word_1_23' title='bbox 962 585 1022 641; x_wconf 87' lang='grc' dir='ltr'><strong><em>τοῦ</em></strong></span> <span class='ocrx_word' id='word_1_24' title='bbox 1046 576 1118 640; x_wconf 93' lang='grc' dir='ltr'><strong><em>δαι-</em></strong></span> 
     </span>
     <span class='ocr_line' id='line_1_5' title="bbox 103 674 1118 766; baseline 0.001 -21"><span class='ocrx_word' id='word_1_25' title='bbox 103 682 224 764; x_wconf 89' lang='grc' dir='ltr'><strong><em>μονίου</em></strong></span> <span class='ocrx_word' id='word_1_26' title='bbox 242 679 379 745; x_wconf 82' lang='grc' dir='ltr'><strong><em>ταπεινά</em></strong></span> <span class='ocrx_word' id='word_1_27' title='bbox 397 674 458 763; x_wconf 70' lang='grc' dir='ltr'><strong><em>μὲν</em></strong></span> <span class='ocrx_word' id='word_1_28' title='bbox 476 677 636 744; x_wconf 88' lang='grc' dir='ltr'><strong><em>τάκείνων</em></strong></span> <span class='ocrx_word' id='word_1_29' title='bbox 653 677 799 766; x_wconf 83' lang='grc' dir='ltr'><strong><em>μετέωρα</em></strong></span> <span class='ocrx_word' id='word_1_30' title='bbox 812 683 988 765; x_wconf 76' lang='grc' dir='ltr'><strong><em>θήσοντος,</em></strong></span> <span class='ocrx_word' id='word_1_31' title='bbox 1006 681 1118 765; x_wconf 77' lang='grc' dir='ltr'><strong><em>ὑψηλὰ</em></strong></span> 
     </span>
     <span class='ocr_line' id='line_1_6' title="bbox 62 780 1118 872; baseline 0.002 -23"><span class='ocrx_word' id='word_1_32' title='bbox 62 807 75 849; x_wconf 84' lang='grc' dir='ltr'><strong><em>ι</em></strong></span> <span class='ocrx_word' id='word_1_33' title='bbox 102 781 141 849; x_wconf 69' lang='grc' dir='ltr'><strong><em>δὲ</em></strong></span> <span class='ocrx_word' id='word_1_34' title='bbox 162 785 203 849; x_wconf 86' lang='grc' dir='ltr'><strong><em>τὰ</em></strong></span> <span class='ocrx_word' id='word_1_35' title='bbox 226 785 390 851; x_wconf 82' lang='grc' dir='ltr'><strong><em>δοκοῦντα</em></strong></span> <span class='ocrx_word' id='word_1_36' title='bbox 411 780 498 850; x_wconf 77' lang='grc' dir='ltr'><strong><em>εἶναι</em></strong></span> <span class='ocrx_word' id='word_1_37' title='bbox 516 796 613 869; x_wconf 80' lang='grc' dir='ltr'><strong><em>σφῶν</em></strong></span> <span class='ocrx_word' id='word_1_38' title='bbox 630 786 776 853; x_wconf 88' lang='grc' dir='ltr'><strong><em>ταπεινά.</em></strong></span> <span class='ocrx_word' id='word_1_39' title='bbox 813 791 983 872; x_wconf 80' lang='grc' dir='ltr'><strong><em>νείμαντες</em></strong></span> <span class='ocrx_word' id='word_1_40' title='bbox 1002 784 1118 870; x_wconf 75' lang='grc' dir='ltr'><strong><em>δὲτὴν</em></strong></span> 
     </span>
     <span class='ocr_line' id='line_1_7' title="bbox 103 887 1117 979; baseline 0.002 -25"><span class='ocrx_word' id='word_1_41' title='bbox 103 887 140 955; x_wconf 91' lang='grc' dir='ltr'><strong><em>έν</em></strong></span> <span class='ocrx_word' id='word_1_42' title='bbox 167 888 253 976; x_wconf 71' lang='grc' dir='ltr'><strong><em>ἀκμῇ</em></strong></span> <span class='ocrx_word' id='word_1_43' title='bbox 282 890 425 975; x_wconf 91' lang='grc' dir='ltr'><strong><em>δύναμιν</em></strong></span> <span class='ocrx_word' id='word_1_44' title='bbox 453 891 585 957; x_wconf 83' lang='grc' dir='ltr'><strong><em>άπασαν</em></strong></span> <span class='ocrx_word' id='word_1_45' title='bbox 612 900 722 978; x_wconf 74' lang='grc' dir='ltr'><strong><em>τριχῇ,</em></strong></span> <span class='ocrx_word' id='word_1_46' title='bbox 754 901 814 979; x_wconf 81' lang='grc' dir='ltr'><strong><em>μιᾷ</em></strong></span> <span class='ocrx_word' id='word_1_47' title='bbox 841 888 903 976; x_wconf 72' lang='grc' dir='ltr'><strong><em>μὲν</em></strong></span> <span class='ocrx_word' id='word_1_48' title='bbox 929 894 992 977; x_wconf 79' lang='grc' dir='ltr'><strong><em>την</em></strong></span> <span class='ocrx_word' id='word_1_49' title='bbox 1019 895 1117 957; x_wconf 88' lang='grc' dir='ltr'><strong><em>πόλιν</em></strong></span> 
     </span>
     <span class='ocr_line' id='line_1_8' title="bbox 102 989 1116 1085; baseline 0.001 -24"><span class='ocrx_word' id='word_1_50' title='bbox 102 993 304 1082; x_wconf 80' lang='grc' dir='ltr'><strong><em>ἐφρούρουν,</em></strong></span> <span class='ocrx_word' id='word_1_51' title='bbox 326 1004 365 1081; x_wconf 73' lang='grc' dir='ltr'><strong><em>τῇ</em></strong></span> <span class='ocrx_word' id='word_1_52' title='bbox 390 989 419 1061; x_wconf 89' lang='grc' dir='ltr'><strong><em>δ’</em></strong></span> <span class='ocrx_word' id='word_1_53' title='bbox 444 994 537 1085; x_wconf 81' lang='grc' dir='ltr'><strong><em>ἑτέρη</em></strong></span> <span class='ocrx_word' id='word_1_54' title='bbox 559 999 616 1074; x_wconf 82' lang='grc' dir='ltr'><strong><em>τὰς</em></strong></span> <span class='ocrx_word' id='word_1_55' title='bbox 638 1007 720 1074; x_wconf 84' lang='grc' dir='ltr'><strong><em>ναῦς</em></strong></span> <span class='ocrx_word' id='word_1_56' title='bbox 742 994 834 1085; x_wconf 77' lang='grc' dir='ltr'><strong><em>εἶχον</em></strong></span> <span class='ocrx_word' id='word_1_57' title='bbox 856 997 892 1063; x_wconf 85' lang='grc' dir='ltr'><strong><em>έν</em></strong></span> <span class='ocrx_word' id='word_1_58' title='bbox 911 1004 1054 1083; x_wconf 75' lang='grc' dir='ltr'><strong><em>φυλακῇ,</em></strong></span> <span class='ocrx_word' id='word_1_59' title='bbox 1077 1006 1116 1082; x_wconf 75' lang='grc' dir='ltr'><strong><em>τη</em></strong></span> 
     </span>
     <span class='ocr_line' id='line_1_9' title="bbox 102 1097 1119 1190; baseline 0.003 -25"><span class='ocrx_word' id='word_1_60' title='bbox 102 1097 141 1165; x_wconf 74' lang='grc' dir='ltr'><strong><em>δὲ</em></strong></span> <span class='ocrx_word' id='word_1_61' title='bbox 162 1104 255 1187; x_wconf 89' lang='grc' dir='ltr'><strong><em>τρίτη</em></strong></span> <span class='ocrx_word' id='word_1_62' title='bbox 277 1103 342 1187; x_wconf 84' lang='grc' dir='ltr'><strong><em>πρὸ</em></strong></span> <span class='ocrx_word' id='word_1_63' title='bbox 364 1112 424 1169; x_wconf 84' lang='grc' dir='ltr'><strong><em>τοῦ</em></strong></span> <span class='ocrx_word' id='word_1_64' title='bbox 443 1107 572 1190; x_wconf 84' lang='grc' dir='ltr'><strong><em>τείχους</em></strong></span> <span class='ocrx_word' id='word_1_65' title='bbox 589 1103 765 1188; x_wconf 81' lang='grc' dir='ltr'><strong><em>ταξάμενοι</em></strong></span> <span class='ocrx_word' id='word_1_66' title='bbox 783 1107 860 1181; x_wconf 86' lang='grc' dir='ltr'><strong><em>τοὺς</em></strong></span> <span class='ocrx_word' id='word_1_67' title='bbox 878 1102 1030 1180; x_wconf 80' lang='grc' dir='ltr'><strong><em>ἐπιόντας</em></strong></span> <span class='ocrx_word' id='word_1_68' title='bbox 1049 1101 1119 1168; x_wconf 83' lang='grc' dir='ltr'><strong><em>ε’δέ-</em></strong></span> 
     </span>
     <span class='ocr_line' id='line_1_10' title="bbox 101 1204 1119 1295; baseline 0.001 -23"><span class='ocrx_word' id='word_1_69' title='bbox 101 1229 211 1292; x_wconf 88' lang='grc' dir='ltr'><strong><em>χοντο.</em></strong></span> <span class='ocrx_word' id='word_1_70' title='bbox 256 1208 384 1275; x_wconf 88' lang='grc' dir='ltr'><strong><em>τούτων</em></strong></span> <span class='ocrx_word' id='word_1_71' title='bbox 414 1211 521 1287; x_wconf 83' lang='grc' dir='ltr'><strong><em>ίππείς</em></strong></span> <span class='ocrx_word' id='word_1_72' title='bbox 548 1206 610 1295; x_wconf 74' lang='grc' dir='ltr'><strong><em>μὲν</em></strong></span> <span class='ocrx_word' id='word_1_73' title='bbox 637 1205 723 1294; x_wconf 75' lang='grc' dir='ltr'><strong><em>ἦσαν</em></strong></span> <span class='ocrx_word' id='word_1_74' title='bbox 752 1207 932 1292; x_wconf 81' lang='grc' dir='ltr'><strong><em>ἑξακόσιοι,</em></strong></span> <span class='ocrx_word' id='word_1_75' title='bbox 962 1208 1053 1288; x_wconf 80' lang='grc' dir='ltr'><strong><em>πεζοὶ</em></strong></span> <span class='ocrx_word' id='word_1_76' title='bbox 1082 1204 1119 1273; x_wconf 75' lang='grc' dir='ltr'><strong><em>δὲ</em></strong></span> 
     </span>
     <span class='ocr_line' id='line_1_11' title="bbox 62 1312 1119 1401; baseline 0.002 -23"><span class='ocrx_word' id='word_1_77' title='bbox 62 1337 89 1378; x_wconf 85' lang='lat'><strong><em>10</em></strong></span> <span class='ocrx_word' id='word_1_78' title='bbox 102 1318 355 1401; x_wconf 89' lang='grc' dir='ltr'><strong><em>τετρακισχίλιοι</em></strong></span> <span class='ocrx_word' id='word_1_79' title='bbox 382 1314 437 1381; x_wconf 82' lang='grc' dir='ltr'><strong><em>καὶ</em></strong></span> <span class='ocrx_word' id='word_1_80' title='bbox 465 1312 689 1384; x_wconf 82' lang='grc' dir='ltr'><strong><em>πεντᾶκόσιοι·</em></strong></span> <span class='ocrx_word' id='word_1_81' title='bbox 726 1315 781 1383; x_wconf 82' lang='grc' dir='ltr'><strong><em>καὶ</em></strong></span> <span class='ocrx_word' id='word_1_82' title='bbox 809 1317 914 1394; x_wconf 87' lang='grc' dir='ltr'><strong><em>ούτως</em></strong></span> <span class='ocrx_word' id='word_1_83' title='bbox 941 1317 1034 1392; x_wconf 78' lang='grc' dir='ltr'><strong><em>ὄντες</em></strong></span> <span class='ocrx_word' id='word_1_84' title='bbox 1060 1317 1119 1381; x_wconf 87' lang='grc' dir='ltr'><strong><em>τὸν</em></strong></span> 
     </span>
     <span class='ocr_line' id='line_1_12' title="bbox 103 1419 1055 1508; baseline 0 -23"><span class='ocrx_word' id='word_1_85' title='bbox 103 1419 249 1506; x_wconf 79' lang='grc' dir='ltr'><strong><em>ἀριθμὸν</em></strong></span> <span class='ocrx_word' id='word_1_86' title='bbox 272 1420 381 1504; x_wconf 80' lang='grc' dir='ltr'><strong><em>ὀλίγοι</em></strong></span> <span class='ocrx_word' id='word_1_87' title='bbox 403 1423 460 1500; x_wconf 84' lang='grc' dir='ltr'><strong><em>τὰς</em></strong></span> <span class='ocrx_word' id='word_1_88' title='bbox 482 1425 642 1499; x_wconf 84' lang='grc' dir='ltr'><strong><em>τοσαύτας</em></strong></span> <span class='ocrx_word' id='word_1_89' title='bbox 664 1421 853 1506; x_wconf 79' lang='grc' dir='ltr'><strong><em>ὑπέστησαν</em></strong></span> <span class='ocrx_word' id='word_1_90' title='bbox 875 1422 1055 1508; x_wconf 58' lang='grc' dir='ltr'><strong><em>μυριάδας,</em></strong></span> 
     </span>
     <span class='ocr_line' id='line_1_13' title="bbox 169 1524 1120 1614; baseline 0.002 -24"><span class='ocrx_word' id='word_1_91' title='bbox 169 1525 245 1591; x_wconf 91' lang='lat' dir='ltr'><strong>IIII.</strong></span> <span class='ocrx_word' id='word_1_92' title='bbox 263 1524 320 1604; x_wconf 74' lang='grc' dir='ltr'><strong><em>Ὡς</em></strong></span> <span class='ocrx_word' id='word_1_93' title='bbox 339 1525 376 1592; x_wconf 71' lang='grc' dir='ltr'><strong><em>δὲ</em></strong></span> <span class='ocrx_word' id='word_1_94' title='bbox 393 1526 583 1613; x_wconf 78' lang='grc' dir='ltr'><strong><em>κατέμαθον</em></strong></span> <span class='ocrx_word' id='word_1_95' title='bbox 597 1529 718 1605; x_wconf 85' lang='grc' dir='ltr'><strong><em>αύτούς</em></strong></span> <span class='ocrx_word' id='word_1_96' title='bbox 732 1529 767 1594; x_wconf 82' lang='grc' dir='ltr'><strong><em>οἱ</em></strong></span> <span class='ocrx_word' id='word_1_97' title='bbox 777 1529 940 1614; x_wconf 81' lang='grc' dir='ltr'><strong><em>βάρβαροι</em></strong></span> <span class='ocrx_word' id='word_1_98' title='bbox 954 1529 1120 1613; x_wconf 83' lang='grc' dir='ltr'><strong><em>μάχεσθαι</em></strong></span> 
     </span>
     <span class='ocr_line' id='line_1_14' title="bbox 101 1632 1119 1719; baseline 0.003 -22"><span class='ocrx_word' id='word_1_99' title='bbox 101 1632 446 1719; x_wconf 80' lang='grc' dir='ltr'><strong><em>παρεσκευασμένους,</em></strong></span> <span class='ocrx_word' id='word_1_100' title='bbox 483 1633 702 1712; x_wconf 81' lang='grc' dir='ltr'><strong><em>ἀλαλάξαντες</em></strong></span> <span class='ocrx_word' id='word_1_101' title='bbox 739 1632 887 1719; x_wconf 85' lang='grc' dir='ltr'><strong><em>έχόιρουν</em></strong></span> <span class='ocrx_word' id='word_1_102' title='bbox 923 1635 1024 1719; x_wconf 85' lang='grc' dir='ltr'><strong><em>ὁμόσε</em></strong></span> <span class='ocrx_word' id='word_1_103' title='bbox 1060 1637 1119 1700; x_wconf 91' lang='grc' dir='ltr'><strong><em>τὸν</em></strong></span> 
     </span>
     <span class='ocr_line' id='line_1_15' title="bbox 103 1737 1120 1825; baseline 0.001 -22"><span class='ocrx_word' id='word_1_104' title='bbox 103 1737 274 1824; x_wconf 83' lang='grc' dir='ltr'><strong><em>βάρβαρον</em></strong></span> <span class='ocrx_word' id='word_1_105' title='bbox 306 1743 431 1825; x_wconf 88' lang='grc' dir='ltr'><strong><em>τρόπον</em></strong></span> <span class='ocrx_word' id='word_1_106' title='bbox 463 1741 544 1805; x_wconf 83' lang='grc' dir='ltr'><strong><em>άνευ</em></strong></span> <span class='ocrx_word' id='word_1_107' title='bbox 576 1741 702 1823; x_wconf 90' lang='grc' dir='ltr'><strong><em>κόσμου</em></strong></span> <span class='ocrx_word' id='word_1_108' title='bbox 734 1741 828 1816; x_wconf 78' lang='grc' dir='ltr'><strong><em>πεζοί</em></strong></span> <span class='ocrx_word' id='word_1_109' title='bbox 856 1762 890 1804; x_wconf 90' lang='grc' dir='ltr'><strong><em>τε</em></strong></span> <span class='ocrx_word' id='word_1_110' title='bbox 923 1737 978 1805; x_wconf 82' lang='grc' dir='ltr'><strong><em>καὶ</em></strong></span> <span class='ocrx_word' id='word_1_111' title='bbox 1012 1741 1120 1816; x_wconf 83' lang='grc' dir='ltr'><strong><em>ίππείς</em></strong></span> 
     </span>
     <span class='ocr_line' id='line_1_16' title="bbox 63 1839 1120 1931; baseline 0.002 -22"><span class='ocrx_word' id='word_1_112' title='bbox 63 1869 89 1911; x_wconf 81' lang='grc' dir='ltr'><strong><em>ιι</em></strong></span> <span class='ocrx_word' id='word_1_113' title='bbox 103 1841 222 1927; x_wconf 78' lang='grc' dir='ltr'><strong><em>ἀναμὶξ</em></strong></span> <span class='ocrx_word' id='word_1_114' title='bbox 245 1842 290 1921; x_wconf 74' lang='grc' dir='ltr'><strong><em>’ὡς</em></strong></span> <span class='ocrx_word' id='word_1_115' title='bbox 313 1845 458 1923; x_wconf 84' lang='grc' dir='ltr'><strong><em>άπαντας</em></strong></span> <span class='ocrx_word' id='word_1_116' title='bbox 480 1846 757 1931; x_wconf 86' lang='grc' dir='ltr'><strong><em>ἀναρπασόμενοι.</em></strong></span> <span class='ocrx_word' id='word_1_117' title='bbox 793 1839 836 1928; x_wconf 75' lang='grc' dir='ltr'><strong><em>ἦν</em></strong></span> <span class='ocrx_word' id='word_1_118' title='bbox 859 1841 896 1909; x_wconf 78' lang='grc' dir='ltr'><strong><em>δδ</em></strong></span> <span class='ocrx_word' id='word_1_119' title='bbox 919 1847 956 1910; x_wconf 91' lang='grc' dir='ltr'><strong><em>τὸ</em></strong></span> <span class='ocrx_word' id='word_1_120' title='bbox 979 1848 1120 1930; x_wconf 78' lang='grc' dir='ltr'><strong><em>πρὸτῆς</em></strong></span> 
     </span>
     <span class='ocr_line' id='line_1_17' title="bbox 102 1943 1119 2039; baseline 0.001 -25"><span class='ocrx_word' id='word_1_121' title='bbox 102 1950 230 2025; x_wconf 89' lang='grc' dir='ltr'><strong><em>πόλεως</em></strong></span> <span class='ocrx_word' id='word_1_122' title='bbox 247 1952 384 2035; x_wconf 88' lang='grc' dir='ltr'><strong><em>χωρίον,</em></strong></span> <span class='ocrx_word' id='word_1_123' title='bbox 408 1949 444 2015; x_wconf 83' lang='grc' dir='ltr'><strong><em>έν</em></strong></span> <span class='ocrx_word' id='word_1_124' title='bbox 464 1943 490 2039; x_wconf 76' lang='grc' dir='ltr'><em>ᾧ</em></span> <span class='ocrx_word' id='word_1_125' title='bbox 510 1949 711 2035; x_wconf 82' lang='grc' dir='ltr'><strong><em>συνέμισγον</em></strong></span> <span class='ocrx_word' id='word_1_126' title='bbox 730 1948 895 2035; x_wconf 76' lang='grc' dir='ltr'><strong><em>ἀλλήλοις,</em></strong></span> <span class='ocrx_word' id='word_1_127' title='bbox 916 1951 1029 2017; x_wconf 83' lang='grc' dir='ltr'><strong><em>αὐλὼν</em></strong></span> <span class='ocrx_word' id='word_1_128' title='bbox 1048 1967 1119 2016; x_wconf 85' lang='grc' dir='ltr'><strong><em>στε-</em></strong></span> 
     </span>
     <span class='ocr_line' id='line_1_18' title="bbox 104 2052 1118 2141; baseline -0.001 -20"><span class='ocrx_word' id='word_1_129' title='bbox 104 2057 163 2131; x_wconf 92' lang='grc' dir='ltr'><strong><em>νὸς</em></strong></span> <span class='ocrx_word' id='word_1_130' title='bbox 193 2056 285 2141; x_wconf 85' lang='grc' dir='ltr'><strong><em>όρεσι</em></strong></span> <span class='ocrx_word' id='word_1_131' title='bbox 311 2053 366 2120; x_wconf 82' lang='grc' dir='ltr'><strong><em>καὶ</em></strong></span> <span class='ocrx_word' id='word_1_132' title='bbox 394 2057 531 2140; x_wconf 90' lang='grc' dir='ltr'><strong><em>λίμναις</em></strong></span> <span class='ocrx_word' id='word_1_133' title='bbox 551 2059 833 2141; x_wconf 89' lang='grc' dir='ltr'><strong><em>περικλειόμενος,</em></strong></span> <span class='ocrx_word' id='word_1_134' title='bbox 864 2064 903 2140; x_wconf 76' lang='grc' dir='ltr'><strong><em>τῇ</em></strong></span> <span class='ocrx_word' id='word_1_135' title='bbox 931 2052 992 2139; x_wconf 73' lang='grc' dir='ltr'><strong><em>μὲν</em></strong></span> <span class='ocrx_word' id='word_1_136' title='bbox 1020 2055 1118 2141; x_wconf 71' lang='grc' dir='ltr'><strong><em>ἀρετῇ</em></strong></span> 
     </span>
     <span class='ocr_line' id='line_1_19' title="bbox 103 2158 1119 2249; baseline 0.001 -23"><span class='ocrx_word' id='word_1_137' title='bbox 103 2172 171 2226; x_wconf 82' lang='grc' dir='ltr'><strong><em>τῶν</em></strong></span> <span class='ocrx_word' id='word_1_138' title='bbox 189 2163 353 2245; x_wconf 86' lang='grc' dir='ltr'><strong><em>Κυμαίων</em></strong></span> <span class='ocrx_word' id='word_1_139' title='bbox 377 2161 558 2247; x_wconf 90' lang='grc' dir='ltr'><strong><em>σύμμαχος,</em></strong></span> <span class='ocrx_word' id='word_1_140' title='bbox 580 2171 625 2249; x_wconf 75' lang='grc' dir='ltr'><strong><em>τῷ</em></strong></span> <span class='ocrx_word' id='word_1_141' title='bbox 650 2158 687 2226; x_wconf 70' lang='grc' dir='ltr'><strong><em>δέ</em></strong></span> <span class='ocrx_word' id='word_1_142' title='bbox 709 2163 831 2245; x_wconf 81' lang='grc' dir='ltr'><strong><em>πλήθει</em></strong></span> <span class='ocrx_word' id='word_1_143' title='bbox 854 2172 921 2227; x_wconf 81' lang='grc' dir='ltr'><strong><em>τῶν</em></strong></span> <span class='ocrx_word' id='word_1_144' title='bbox 939 2161 1119 2247; x_wconf 80' lang='grc' dir='ltr'><strong><em>βαρβάρων</em></strong></span> 
     </span>
     <span class='ocr_line' id='line_1_20' title="bbox 69 2265 1119 2353; baseline 0.001 -21"><span class='ocrx_word' id='word_1_145' title='bbox 69 2267 267 2352; x_wconf 85' lang='grc' dir='ltr'><strong><em>2πολέμιος.</em></strong></span> <span class='ocrx_word' id='word_1_146' title='bbox 312 2265 575 2353; x_wconf 89' lang='grc' dir='ltr'><strong><em>άνατρεπόμενοι</em></strong></span> <span class='ocrx_word' id='word_1_147' title='bbox 601 2269 664 2353; x_wconf 82' lang='grc' dir='ltr'><strong><em>γὰρ</em></strong></span> <span class='ocrx_word' id='word_1_148' title='bbox 692 2266 747 2333; x_wconf 85' lang='grc' dir='ltr'><strong><em>ὑπ’</em></strong></span> <span class='ocrx_word' id='word_1_149' title='bbox 776 2266 929 2350; x_wconf 79' lang='grc' dir='ltr'><strong><em>ἀλλήλων</em></strong></span> <span class='ocrx_word' id='word_1_150' title='bbox 956 2266 1011 2333; x_wconf 82' lang='grc' dir='ltr'><strong><em>καὶ</em></strong></span> <span class='ocrx_word' id='word_1_151' title='bbox 1036 2283 1119 2353; x_wconf 91' lang='grc' dir='ltr'><strong><em>συμ-</em></strong></span> 
     </span>
     <span class='ocr_line' id='line_1_21' title="bbox 66 2370 1119 2460; baseline -0.002 -19"><span class='ocrx_word' id='word_1_152' title='bbox 66 2400 93 2441; x_wconf 81' lang='grc' dir='ltr'><strong><em>νο</em></strong></span> <span class='ocrx_word' id='word_1_153' title='bbox 104 2373 306 2457; x_wconf 87' lang='grc' dir='ltr'><strong><em>πατούμενοι</em></strong></span> <span class='ocrx_word' id='word_1_154' title='bbox 328 2378 475 2459; x_wconf 71' lang='grc' dir='ltr'><strong><em>πολλαχῇ</em></strong></span> <span class='ocrx_word' id='word_1_155' title='bbox 500 2370 561 2458; x_wconf 74' lang='grc' dir='ltr'><strong><em>μὲν</em></strong></span> <span class='ocrx_word' id='word_1_156' title='bbox 579 2372 634 2439; x_wconf 81' lang='grc' dir='ltr'><strong><em>καὶ</em></strong></span> <span class='ocrx_word' id='word_1_157' title='bbox 652 2375 748 2460; x_wconf 84' lang='grc' dir='ltr'><strong><em>άλλη,</em></strong></span> <span class='ocrx_word' id='word_1_158' title='bbox 770 2373 911 2457; x_wconf 88' lang='grc' dir='ltr'><strong><em>μάλιστα</em></strong></span> <span class='ocrx_word' id='word_1_159' title='bbox 930 2370 968 2439; x_wconf 70' lang='grc' dir='ltr'><strong><em>δὲ</em></strong></span> <span class='ocrx_word' id='word_1_160' title='bbox 985 2371 1061 2459; x_wconf 82' lang='grc' dir='ltr'><strong><em>περὶ</em></strong></span> <span class='ocrx_word' id='word_1_161' title='bbox 1079 2375 1119 2439; x_wconf 84' lang='grc' dir='ltr'><strong><em>τὰ</em></strong></span> 
     </span>
     <span class='ocr_line' id='line_1_22' title="bbox 103 2475 1190 2564; baseline 0.001 -20"><span class='ocrx_word' id='word_1_162' title='bbox 103 2477 245 2564; x_wconf 86' lang='grc' dir='ltr'><strong><em>τέλματα</em></strong></span> <span class='ocrx_word' id='word_1_163' title='bbox 272 2487 329 2562; x_wconf 77' lang='grc' dir='ltr'><strong><em>τῆς</em></strong></span> <span class='ocrx_word' id='word_1_164' title='bbox 355 2482 487 2563; x_wconf 83' lang='grc' dir='ltr'><strong><em>λίμνης,</em></strong></span> <span class='ocrx_word' id='word_1_165' title='bbox 515 2475 588 2544; x_wconf 83' lang='grc' dir='ltr'><strong><em>οὐδ’</em></strong></span> <span class='ocrx_word' id='word_1_166' title='bbox 613 2481 660 2555; x_wconf 87' lang='grc' dir='ltr'><strong><em>είς</em></strong></span> <span class='ocrx_word' id='word_1_167' title='bbox 682 2489 793 2564; x_wconf 76' lang='grc' dir='ltr'><strong><em>χεῖρας</em></strong></span> <span class='ocrx_word' id='word_1_168' title='bbox 817 2477 971 2554; x_wconf 83' lang='grc' dir='ltr'><strong><em>ἐλθόντες</em></strong></span> <span class='ocrx_word' id='word_1_169' title='bbox 993 2487 1032 2563; x_wconf 72' lang='grc' dir='ltr'><strong><em>τῇ</em></strong></span> <span class='ocrx_word' id='word_1_170' title='bbox 1056 2479 1190 2562; x_wconf 59' lang='grc' dir='ltr'><strong><em>χειά-1319</em></strong></span> 
     </span>
     <span class='ocr_line' id='line_1_23' title="bbox 104 2581 1120 2670; baseline -0.001 -20"><span class='ocrx_word' id='word_1_171' title='bbox 104 2588 202 2667; x_wconf 91' lang='grc' dir='ltr'><strong><em>λαγγι</em></strong></span> <span class='ocrx_word' id='word_1_172' title='bbox 220 2595 287 2649; x_wconf 83' lang='grc' dir='ltr'><strong><em>τῶν</em></strong></span> <span class='ocrx_word' id='word_1_173' title='bbox 297 2581 465 2667; x_wconf 80' lang='grc' dir='ltr'><strong><em>Ἑλλήνων</em></strong></span> <span class='ocrx_word' id='word_1_174' title='bbox 484 2582 579 2650; x_wconf 82' lang='grc' dir='ltr'><strong><em>αὐτοὶ</em></strong></span> <span class='ocrx_word' id='word_1_175' title='bbox 593 2581 637 2648; x_wconf 90' lang='grc' dir='ltr'><strong><em>δι’</em></strong></span> <span class='ocrx_word' id='word_1_176' title='bbox 656 2583 766 2648; x_wconf 84' lang='grc' dir='ltr'><strong><em>αὑτῶν</em></strong></span> <span class='ocrx_word' id='word_1_177' title='bbox 780 2584 816 2648; x_wconf 82' lang='grc' dir='ltr'><strong><em>οί</em></strong></span> <span class='ocrx_word' id='word_1_178' title='bbox 825 2587 959 2661; x_wconf 88' lang='grc' dir='ltr'><strong><em>πλείους</em></strong></span> <span class='ocrx_word' id='word_1_179' title='bbox 978 2585 1120 2670; x_wconf 82' lang='grc' dir='ltr'><strong><em>διεφθά-</em></strong></span> 
     </span>
     <span class='ocr_line' id='line_1_24' title="bbox 38 2686 1120 2778; baseline 0.001 -23"><span class='ocrx_word' id='word_1_180' title='bbox 38 2730 44 2739; x_wconf 91' lang='lat'><strong>·</strong></span> <span class='ocrx_word' id='word_1_181' title='bbox 104 2707 224 2778; x_wconf 88' lang='grc' dir='ltr'><strong><em>ρησαν·</em></strong></span> <span class='ocrx_word' id='word_1_182' title='bbox 252 2687 307 2755; x_wconf 82' lang='grc' dir='ltr'><strong><em>καὶ</em></strong></span> <span class='ocrx_word' id='word_1_183' title='bbox 330 2690 348 2755; x_wconf 89' lang='grc' dir='ltr'><strong><em>δ</em></strong></span> <span class='ocrx_word' id='word_1_184' title='bbox 372 2686 433 2774; x_wconf 68' lang='grc' dir='ltr'><strong><em>μὲν</em></strong></span> <span class='ocrx_word' id='word_1_185' title='bbox 460 2693 554 2769; x_wconf 83' lang='grc' dir='ltr'><strong><em>πεζὸς</em></strong></span> <span class='ocrx_word' id='word_1_186' title='bbox 581 2690 691 2755; x_wconf 81' lang='grc' dir='ltr'><strong><em>αὐτῶν</em></strong></span> <span class='ocrx_word' id='word_1_187' title='bbox 718 2691 854 2776; x_wconf 87' lang='grc' dir='ltr'><strong><em>στρατὸς</em></strong></span> <span class='ocrx_word' id='word_1_188' title='bbox 877 2690 895 2755; x_wconf 91' lang='grc' dir='ltr'><strong><em>δ</em></strong></span> <span class='ocrx_word' id='word_1_189' title='bbox 918 2693 1021 2767; x_wconf 85' lang='grc' dir='ltr'><strong><em>πολὺς</em></strong></span> <span class='ocrx_word' id='word_1_190' title='bbox 1043 2689 1120 2776; x_wconf 80' lang='grc' dir='ltr'><strong><em>περὶ</em></strong></span> 
     </span>
     <span class='ocr_line' id='line_1_25' title="bbox 105 2782 1121 2884; baseline 0.001 -22"><span class='ocrx_word' id='word_1_191' title='bbox 105 2795 211 2884; x_wconf 76' lang='grc' dir='ltr'><strong><em>ἑαυτῷ</em></strong></span> <span class='ocrx_word' id='word_1_192' title='bbox 231 2798 377 2880; x_wconf 85' lang='grc' dir='ltr'><strong><em>σφαλείς,</em></strong></span> <span class='ocrx_word' id='word_1_193' title='bbox 396 2798 496 2882; x_wconf 77' lang='grc' dir='ltr'><strong><em>ἔργον</em></strong></span> <span class='ocrx_word' id='word_1_194' title='bbox 514 2793 551 2862; x_wconf 69' lang='grc' dir='ltr'><strong><em>δὲ</em></strong></span> <span class='ocrx_word' id='word_1_195' title='bbox 564 2782 721 2880; x_wconf 78' lang='grc' dir='ltr'><strong><em>γενναῖον</em></strong></span> <span class='ocrx_word' id='word_1_196' title='bbox 736 2793 837 2861; x_wconf 72' lang='grc' dir='ltr'><strong><em>οὐδὲν</em></strong></span> <span class='ocrx_word' id='word_1_197' title='bbox 852 2795 1121 2882; x_wconf 80' lang='grc' dir='ltr'><strong><em>ἀποδειξάμενος,</em></strong></span> 
     </span>
     <span class='ocr_line' id='line_1_26' title="bbox 66 2885 1121 2988; baseline -0.002 -18"><span class='ocrx_word' id='word_1_198' title='bbox 66 2927 93 2970; x_wconf 78' lang='grc' dir='ltr'><strong><em>ει</em></strong></span> <span class='ocrx_word' id='word_1_199' title='bbox 106 2904 206 2979; x_wconf 87' lang='grc' dir='ltr'><strong><em>άλλος</em></strong></span> <span class='ocrx_word' id='word_1_200' title='bbox 228 2903 311 2988; x_wconf 84' lang='grc' dir='ltr'><strong><em>άλλη</em></strong></span> <span class='ocrx_word' id='word_1_201' title='bbox 335 2885 588 2979; x_wconf 77' lang='grc' dir='ltr'><strong><em>διασκεδασθεὶς</em></strong></span> <span class='ocrx_word' id='word_1_202' title='bbox 611 2905 746 2986; x_wconf 81' lang='grc' dir='ltr'><strong><em>ἔφυγεν·</em></strong></span> <span class='ocrx_word' id='word_1_203' title='bbox 771 2902 806 2967; x_wconf 84' lang='grc' dir='ltr'><strong><em>οί</em></strong></span> <span class='ocrx_word' id='word_1_204' title='bbox 823 2895 852 2966; x_wconf 83' lang='grc' dir='ltr'><strong><em>δ’</em></strong></span> <span class='ocrx_word' id='word_1_205' title='bbox 874 2903 980 2979; x_wconf 86' lang='grc' dir='ltr'><strong><em>ίππείς</em></strong></span> <span class='ocrx_word' id='word_1_206' title='bbox 999 2907 1121 2986; x_wconf 74' lang='grc' dir='ltr'><strong><em>συνῆλ-</em></strong></span> 
     </span>
     <span class='ocr_line' id='line_1_27' title="bbox 103 3002 1120 3094; baseline 0 -20"><span class='ocrx_word' id='word_1_207' title='bbox 103 3015 171 3074; x_wconf 87' lang='grc' dir='ltr'><strong><em>θον</em></strong></span> <span class='ocrx_word' id='word_1_208' title='bbox 189 3004 250 3093; x_wconf 70' lang='grc' dir='ltr'><strong><em>μέν</em></strong></span> <span class='ocrx_word' id='word_1_209' title='bbox 270 3008 370 3092; x_wconf 87' lang='grc' dir='ltr'><strong><em>ὁμόσε</em></strong></span> <span class='ocrx_word' id='word_1_210' title='bbox 389 3006 444 3073; x_wconf 82' lang='grc' dir='ltr'><strong><em>καὶ</em></strong></span> <span class='ocrx_word' id='word_1_211' title='bbox 462 3012 570 3074; x_wconf 91' lang='grc' dir='ltr'><strong><em>πολὺν</em></strong></span> <span class='ocrx_word' id='word_1_212' title='bbox 589 3007 827 3091; x_wconf 84' lang='grc' dir='ltr'><strong><em>τοίςἝλλησιν</em></strong></span> <span class='ocrx_word' id='word_1_213' title='bbox 847 3002 940 3074; x_wconf 87' lang='grc' dir='ltr'><strong><em>οὗτοι</em></strong></span> <span class='ocrx_word' id='word_1_214' title='bbox 954 3006 1120 3094; x_wconf 87' lang='grc' dir='ltr'><strong><em>παρέσχον</em></strong></span> 
     </span>
    </p>
   </div>
   <div class='ocr_carea' id='block_1_3' title="bbox 104 3163 1121 3305">
    <p class='ocr_par' dir='ltr' id='par_1_3' title="bbox 104 3163 1121 3305">
     <span class='ocr_line' id='line_1_28' title="bbox 178 3163 1121 3234; baseline 0.002 -16"><span class='ocrx_word' id='word_1_215' title='bbox 178 3170 191 3217; x_wconf 93' lang='grc'>1</span> <span class='ocrx_word' id='word_1_216' title='bbox 212 3165 331 3234; x_wconf 87' lang='grc' dir='ltr'><strong><em>στομίων</em></strong></span> <span class='ocrx_word' id='word_1_217' title='bbox 351 3163 373 3217; x_wconf 94' lang='lat'>0</span> <span class='ocrx_word' id='word_1_218' title='bbox 392 3167 504 3234; x_wconf 78' lang='lat' dir='ltr'>praeter</span> <span class='ocrx_word' id='word_1_219' title='bbox 522 3164 545 3216; x_wconf 94' lang='lat' dir='ltr'><strong>B</strong></span> <span class='ocrx_word' id='word_1_220' title='bbox 600 3170 615 3217; x_wconf 87' lang='lat'><strong>3</strong></span> <span class='ocrx_word' id='word_1_221' title='bbox 635 3163 718 3234; x_wconf 82' lang='grc' dir='ltr'><strong><em>ὁμόσε</em></strong></span> <span class='ocrx_word' id='word_1_222' title='bbox 737 3164 783 3218; x_wconf 91' lang='lat' dir='ltr'><strong><em>Bb</em></strong></span> <span class='ocrx_word' id='word_1_223' title='bbox 804 3181 873 3220; x_wconf 81' lang='lat' dir='ltr'><strong>corr.</strong></span> <span class='ocrx_word' id='word_1_224' title='bbox 893 3181 927 3218; x_wconf 86' lang='lat' dir='ltr'><strong><em>ex</em></strong></span> <span class='ocrx_word' id='word_1_225' title='bbox 946 3163 1047 3234; x_wconf 86' lang='grc' dir='ltr'><strong><em>ὁμόσεν</em></strong></span> <span class='ocrx_word' id='word_1_226' title='bbox 1065 3165 1121 3220; x_wconf 83' lang='lat' dir='ltr'><strong><em>hoc</em></strong></span> 
     </span>
     <span class='ocr_line' id='line_1_29' title="bbox 104 3233 1120 3305; baseline 0.003 -16"><span class='ocrx_word' id='word_1_227' title='bbox 104 3235 168 3290; x_wconf 88' lang='grc' dir='ltr'><strong><em>Ιοοο</em></strong></span> <span class='ocrx_word' id='word_1_228' title='bbox 187 3233 306 3302; x_wconf 76' lang='lat' dir='ltr'>aliisque</span> <span class='ocrx_word' id='word_1_229' title='bbox 361 3240 377 3288; x_wconf 83' lang='lat'>5</span> <span class='ocrx_word' id='word_1_230' title='bbox 397 3233 471 3290; x_wconf 87' lang='grc' dir='ltr'><strong><em>εῖναι</em></strong></span> <span class='ocrx_word' id='word_1_231' title='bbox 488 3235 550 3290; x_wconf 87' lang='grc' dir='ltr'><strong><em>τότε</em></strong></span> <span class='ocrx_word' id='word_1_232' title='bbox 569 3244 648 3305; x_wconf 82' lang='grc' dir='ltr'><strong><em>σφῶν</em></strong></span> <span class='ocrx_word' id='word_1_233' title='bbox 667 3235 689 3288; x_wconf 88' lang='grc' dir='ltr'>Β</span> <span class='ocrx_word' id='word_1_234' title='bbox 745 3239 778 3288; x_wconf 82' lang='lat'><strong><em>15</em></strong></span> <span class='ocrx_word' id='word_1_235' title='bbox 797 3233 988 3305; x_wconf 84' lang='grc' dir='ltr'><strong><em>ἁρπασόμενοι</em></strong></span> <span class='ocrx_word' id='word_1_236' title='bbox 1007 3235 1030 3289; x_wconf 93' lang='grc'><strong>0</strong></span> <span class='ocrx_word' id='word_1_237' title='bbox 1050 3253 1120 3293; x_wconf 80' lang='lat' dir='ltr'><strong>corr.</strong></span> 
     </span>
    </p>
   </div>
   <div class='ocr_carea' id='block_1_4' title="bbox 99 3304 1122 3448">
    <p class='ocr_par' dir='ltr' id='par_1_4' title="bbox 99 3304 1122 3448">
     <span class='ocr_line' id='line_1_30' title="bbox 104 3304 1122 3379; baseline 0 -19"><span class='ocrx_word' id='word_1_238' title='bbox 104 3305 207 3360; x_wconf 80' lang='lat' dir='ltr'><strong>Reiske</strong></span> <span class='ocrx_word' id='word_1_239' title='bbox 276 3311 309 3359; x_wconf 85' lang='lat'><strong><em>18</em></strong></span> <span class='ocrx_word' id='word_1_240' title='bbox 327 3304 504 3379; x_wconf 87' lang='grc' dir='ltr'><strong><em>&lt;Κν&gt;μαίων</em></strong></span> <span class='ocrx_word' id='word_1_241' title='bbox 522 3306 568 3361; x_wconf 91' lang='lat' dir='ltr'><strong><em>Bb</em></strong></span> <span class='ocrx_word' id='word_1_242' title='bbox 637 3313 670 3360; x_wconf 82' lang='lat'><strong><em>23</em></strong></span> <span class='ocrx_word' id='word_1_243' title='bbox 695 3306 828 3360; x_wconf 83' lang='grc' dir='ltr'><strong><em>αύτῶνΒ</em></strong></span> <span class='ocrx_word' id='word_1_244' title='bbox 896 3311 931 3359; x_wconf 77' lang='lat'><strong><em>24</em></strong></span> <span class='ocrx_word' id='word_1_245' title='bbox 953 3306 1038 3368; x_wconf 84' lang='grc' dir='ltr'><strong><em>αύτδς</em></strong></span> <span class='ocrx_word' id='word_1_246' title='bbox 1056 3307 1122 3379; x_wconf 79' lang='grc' dir='ltr'><strong><em>περὶ</em></strong></span> 
     </span>
     <span class='ocr_line' id='line_1_31' title="bbox 99 3371 1121 3448; baseline 0.002 -20"><span class='ocrx_word' id='word_1_247' title='bbox 99 3371 196 3446; x_wconf 68' lang='grc' dir='ltr'><strong><em>ἑαυτῷ</em></strong></span> <span class='ocrx_word' id='word_1_248' title='bbox 215 3394 237 3431; x_wconf 87' lang='grc' dir='ltr'><strong><em>ο.</em></strong></span> <span class='ocrx_word' id='word_1_249' title='bbox 253 3375 396 3446; x_wconf 78' lang='lat' dir='ltr'>Kiossling</span> <span class='ocrx_word' id='word_1_250' title='bbox 412 3381 416 3445; x_wconf 83' lang='grc' dir='ltr'>Ι</span> <span class='ocrx_word' id='word_1_251' title='bbox 433 3375 515 3448; x_wconf 75' lang='grc' dir='ltr'><strong><em>ἔργον</em></strong></span> <span class='ocrx_word' id='word_1_252' title='bbox 533 3377 565 3431; x_wconf 71' lang='grc' dir='ltr'><strong><em>δὲ</em></strong></span> <span class='ocrx_word' id='word_1_253' title='bbox 585 3376 669 3432; x_wconf 73' lang='grc' dir='ltr'><strong><em>οὐδὲν</em></strong></span> <span class='ocrx_word' id='word_1_254' title='bbox 688 3382 820 3446; x_wconf 79' lang='grc' dir='ltr'><strong><em>γενναῖον</em></strong></span> <span class='ocrx_word' id='word_1_255' title='bbox 840 3377 862 3431; x_wconf 94' lang='grc' dir='ltr'>Ο</span> <span class='ocrx_word' id='word_1_256' title='bbox 881 3376 1031 3446; x_wconf 77' lang='lat' dir='ltr'>praeterB</span> <span class='ocrx_word' id='word_1_257' title='bbox 1086 3382 1121 3432; x_wconf 78' lang='lat'><strong><em>25</em></strong></span> 
     </span>
    </p>
   </div>
   <div class='ocr_carea' id='block_1_5' title="bbox 61 3439 440 3592">
    <p class='ocr_par' dir='ltr' id='par_1_5' title="bbox 61 3439 440 3592">
     <span class='ocr_line' id='line_1_32' title="bbox 61 3439 440 3592; baseline 0.011 -94"><span class='ocrx_word' id='word_1_258' title='bbox 61 3439 216 3592; x_wconf 47' lang='grc' dir='ltr'><strong><em>Ην</em></strong></span> <span class='ocrx_word' id='word_1_259' title='bbox 234 3445 260 3500; x_wconf 90' lang='lat'><em>0</em></span> <span class='ocrx_word' id='word_1_260' title='bbox 273 3449 398 3516; x_wconf 68' lang='lat' dir='ltr'><strong><em>praeter</em></strong></span> <span class='ocrx_word' id='word_1_261' title='bbox 414 3448 440 3502; x_wconf 85' lang='lat' dir='ltr'>A</span> 
     </span>
    </p>
   </div>
   <div class='ocr_carea' id='block_1_6' title="bbox 0 0 1216 3848">
    <p class='ocr_par' dir='ltr' id='par_1_6' title="bbox 0 0 1216 3848">
     <span class='ocr_line' id='line_1_33' title="bbox 0 0 1216 3848; baseline 0 0"><span class='ocrx_word' id='word_1_262' title='bbox 0 0 1216 3848; x_wconf 95' lang='lat' dir='ltr'><strong><em> </em></strong></span> 
     </span>
    </p>
   </div>
  </div>
 </body>
</html>
