2378 3840
117 162 182 227 116
540 168 702 216 -Ζ-

81 324 171 391 9καὶ
203 320 304 403 αὖθις
335 325 448 412 ἕτερον
480 325 561 410 <έν>
596 326 679 413 αὐτῇ
709 324 816 410 λέγων
847 328 1140 412 διακεκοσμῆσθαι

116 434 284 518 Κρητικὸν
303 430 429 517 ἠιθέων
451 455 486 497 τε
510 430 565 498 καὶ
582 430 762 519 παρθένων
779 435 882 521 χορόν
901 428 966 499 ὧδε
984 441 1139 521 είρηκεν·

180 551 234 622 Ἐν
258 553 295 622 δὲ
318 559 421 643 χορὸν
443 560 591 623 ποίκιλλε
613 560 807 643 περικλυτὸς
830 556 1039 644 ἀμφιγυήεις,

187 667 240 751 Τῷ
266 668 376 729 ίκελον
399 655 473 730 οἷόν
495 659 568 729 ποτ’
596 660 647 729 ένὶ
669 666 819 752 Κνωσσῷ
843 664 956 751 εὐρείη
1139 683 1181 732 14⁴.

89 790 102 830 ο
183 772 353 847 Δαίδαλος
374 772 518 855 ἤσκησεν
540 771 793 860 καλλιπλοκάμῳ
813 768 979 858 Ἀριάδνη.

173 875 284 942 Ἔνθα
307 874 368 961 μὲν
390 877 502 960 ἠίθεοι
525 875 581 942 καὶ
603 876 767 962 παρθένοι
790 876 1000 963 ἀλφεσίβοιαι

178 977 347 1070 Ὠρχεῦντ’
372 982 526 1068 ἀλλήλων
550 981 604 1049 ε’πὶ
626 992 740 1071 καρπῷ
763 995 875 1069 χεῖρας
898 986 1043 1070 ἔχουσαι.

115 1111 243 1193 κόσμον
266 1104 294 1173 τ’
323 1107 426 1174 αὐτοῦ
449 1107 699 1192 ἀφηγούμενος,
725 1108 782 1173 ἵνα
810 1110 913 1193 δῆλον
935 1108 1016 1193 ἡμῖν
1037 1113 1138 1195 ποιή-

117 1233 223 1299 σειεν,
251 1214 301 1280 δτι
328 1213 439 1296 ἡτῶν
467 1211 619 1299 ἀρρένων
642 1216 771 1298 κίνησις
793 1212 946 1290 ἐνόπλιος
967 1209 1028 1298 ἦν,
1054 1216 1137 1282 τάδε

78 1340 103 1383 ιο
117 1320 220 1406 λέγει·

185 1431 255 1493 Καί
271 1425 303 1511 β’
323 1427 361 1490 αί
375 1423 436 1510 μέν
454 1428 557 1503 καλάς
577 1426 740 1512 στεφάνας
758 1428 847 1511 ἔχον,
865 1429 901 1492 οί
917 1424 953 1493 δὲ
972 1432 1140 1515 μαχαίρας

183 1529 287 1620 Εἶχον
310 1536 464 1619 χρυσείας
487 1532 520 1611 ἐξ
545 1532 718 1618 ἀργυρέων
741 1535 949 1627 τελαμώνων.

116 1656 281 1741 ἡγεμόνας
299 1680 333 1722 τε
357 1665 413 1740 τῆς
436 1657 602 1743 ὀρχήσεως
624 1657 735 1722 αὐτῶν
753 1658 831 1733 τοὺς
849 1655 1044 1736 ἐνδιδόντας
1063 1671 1157 1738 τοῖς.

116 1762 230 1838 ἀλλοις
257 1759 312 1827 καὶ
335 1761 666 1848 προκαταρχομένους
693 1764 836 1847 είσάγων
858 1763 969 1829 τοιάδε
996 1765 1136 1850 γράφει·

78 1905 104 1946 15
185 1889 318 1964 Πολλὸς
341 1885 371 1952 δ’
399 1888 571 1974 ἱμερόεντα
595 1889 697 1973 χορὸν
719 1885 906 1974 περιίσταθ’
934 1888 1049 1974 ὅμιλος

190 1996 406 2078 Τερπόμενοι·
431 1995 513 2060 δοιὼ
538 1991 575 2059 δὲ
598 1997 815 2079 κυβιστητῆρε
838 1991 908 2059 κατ’
936 1995 1058 2073 αὐτοὺς

185 2103 328 2184 Μολπης
351 2099 542 2185 ἐξάρχοντες
565 2099 717 2166 έδίνευον
739 2101 820 2165 κατὰ
843 2098 994 2185 μέσσους.

67 2228 108 2291 10
119 2222 159 2288 οὐ
192 2226 297 2307 μόνον
330 2221 360 2288 δ’
393 2222 429 2289 ἐκ
461 2234 518 2308 τῆς
548 2223 732 2306 ἐναγωνίου
762 2247 796 2289 τε
826 2222 881 2290 καὶ
910 2229 1137 2292 κατεσπουδα-

118 2327 241 2414 σμένης
269 2329 434 2416 ὀρχήσεως
461 2341 528 2396 τῶν
556 2342 681 2417 χορῶν,
708 2324 730 2417 ᾗ
757 2332 845 2416 παρὰ
868 2332 925 2408 τὰς
946 2337 1138 2416 θυηπολίας

78 2458 104 2498 νο
118 2459 151 2500 τε
179 2434 234 2500 καὶ
262 2437 393 2521 πομπὰς
421 2435 565 2523 ἐχρῶντο
584 2435 752 2522 Ῥωμαῖοι,
779 2439 816 2502 τὸ
840 2433 997 2520 συγγενές
1020 2439 1063 2504 ἀν
1086 2463 1136 2518 τις

117 2543 228 2610 αὐτῶν
254 2546 292 2609 τὸ
320 2546 402 2630 πρὸς
428 2547 507 2619 τοὺς
525 2541 690 2629 Ἕλληνας
718 2546 800 2628 ἴδοι,
827 2541 988 2613 ἀλλὰκαὶ
1019 2542 1056 2609 έκ
1077 2554 1181 2629 τῆς14ε

116 2653 278 2736 κερτόμου
306 2649 360 2716 καὶ
388 2656 601 2736 τωθαστικῆς.
650 2651 730 2736 μετὰ
760 2651 823 2736 γὰρ
853 2653 931 2727 τοὺς
959 2649 1136 2729 ἐνοπλίους

118 2759 238 2842 χοροὺς
258 2757 294 2821 οί
313 2768 380 2821 τῶν
399 2767 606 2842 σατυριστῶν
625 2754 811 2840 ἐπόμπευον
832 2752 927 2841 χοροὶ
945 2757 1006 2840 την
1020 2754 1136 2842 Ἑλλη-

118 2864 217 2947 νικὴν
240 2865 495 2949 εἰδοφοροῦντες
518 2865 670 2927 σίκιννιν.
717 2859 837 2941 σκευαὶΙ
856 2859 887 2926 δ’
913 2862 1027 2940 αὐτοῖς
1049 2854 1134 2948 ἦσαν

78 2992 105 3032 ει
119 2982 188 3046 τοῖς
216 2965 277 3054 μέν
305 2971 353 3046 είς
381 2972 549 3053 Σιληνοὺς
580 2969 763 3033 εἰκασθεῖσι
793 2966 959 3052 μαλλωτοὶ
988 2981 1135 3055 χιτῶνες,

120 3075 179 3150 οὓς
201 3078 286 3142 ἔνιοι
305 3079 479 3163 χορταίους
496 3079 647 3158 καλοῦσι,
669 3071 724 3138 καὶ
742 3078 938 3160 περιβόλαια
958 3074 994 3141 ἐκ
1012 3079 1135 3155 παντὸς

194 3280 467 3340 1έναᾶδ,Βοίε1(ο
552 3283 724 3353 λεόριίηΒ
807 3283 945 3354 όῆοκηοε
964 3287 1017 3339 ΑΒ
1102 3291 1134 3340 14

120 3354 417 3427 προκατορχονμένους
435 3357 458 3410 Β
474 3359 479 3427 Ι
495 3356 571 3425 άγων
584 3356 637 3409 ΑΒ
656 3353 774 3425 είσάγων
789 3355 911 3425 Sylburg
930 3354 1017 3426 λέγων
1030 3357 1135 3414 Reiske

122 3432 154 3479 17
174 3427 277 3495 μεσοδς
294 3427 346 3480 ΑΒ
419 3434 452 3482 22
472 3427 521 3482 καί
538 3426 782 3500 τωββίβθαστικῆς
794 3427 820 3481 A

761 3772 883 3804 *ι
