2424 3848
494 187 661 240 -Θ-
1018 187 1084 253 333

138 348 292 414 XXXIII.
333 349 512 432 Τοιούτους
538 348 640 413 εἰπὼν
668 351 789 431 λόγους
816 346 871 425 καὶ
898 349 974 414 οὔτε
1002 351 1084 435 πρὸς

69 457 286 542 ὀλοφυρμοὺς
304 453 359 520 καὶ
377 454 595 530 ἀνακλαύσεις
612 463 669 537 τῆς
684 464 856 539 συμφοράς
868 458 1085 541 τραπόμενος,

70 559 143 628 οὔτ’
172 559 209 626 έν
239 562 371 644 δεήσεσι
397 558 453 626 καὶ
479 564 716 644 προκυλισμοῖς
743 559 906 645 ἀσχήμοσι
931 564 1086 639 ταπεινὸς

70 669 207 773 φανείς,
244 665 316 732 οὔτ’
348 668 455 750 ἀλλην
488 665 610 748 ἀγεννῆ
643 664 798 730 διάθεσιν
829 665 1085 752 ἀποδειξάμενος

70 774 232 856 οὐδεμίαν
264 770 435 857 παρέδωκε
468 773 527 836 τὸν
559 774 661 854 λόγον
692 782 762 849 τοῖς
793 774 1032 859 συναγορεύειν
1063 772 1084 858 ή
1111 796 1125 836 ε

71 887 253 962 μαρτυρεῖν
285 874 512 961 βουλομένοις.
565 873 684 942 πολλοὶ
715 872 777 959 μέν
809 871 871 942 οὖν
902 876 958 943 καὶ
989 880 1086 944 ἀλλοι

71 986 247 1068 παριόντες
288 981 435 1048 ἀπέλυον
476 982 578 1047 αὐτὸν
613 990 672 1064 τῆς
710 983 830 1064 αίτίας,
870 983 1011 1067 μάλιστα
1048 980 1086 1048 δὲ
1132 1011 1135 1014 ’

74 1089 272 1174 Οὐεργίνιος
299 1089 317 1154 ὁ
344 1089 427 1153 κατὰ
454 1091 513 1154 τὸν
541 1087 643 1152 αὐτὸν
670 1087 856 1164 ὑπατεύσας
883 1092 1006 1174 χρόνον
1030 1086 1086 1153 καὶ

72 1204 131 1278 τῆς
157 1197 251 1276 νίκης
278 1198 383 1270 αἴτιος
410 1188 496 1258 εἶναι
523 1195 646 1259 δοκῶν·
679 1192 715 1269 ὃς
742 1193 783 1258 οὐ
806 1197 912 1278 μόνον
935 1193 1086 1260 ἀναίτιον

73 1302 177 1366 αὐτὸν
205 1298 403 1385 ἀπέφαινεν,
431 1299 515 1364 ἀλλά
541 1296 597 1364 καὶ
624 1299 669 1375 ὡς
689 1299 867 1385 κράτιστον
888 1299 1021 1386 ἀνδρῶν
1044 1302 1085 1365 τά
1099 1324 1126 1364 10

71 1404 213 1489 πολέμια
252 1403 308 1470 καὶ
351 1415 543 1490 στρατηγῶν
582 1407 836 1490 φρονιμώτατον
876 1405 1089 1473 ἐπαινεῖσθαί

71 1535 107 1577 τε
139 1510 196 1576 καὶ
225 1516 387 1594 τιμᾶσθαι
418 1511 483 1576 ὑπὸ
514 1511 649 1576 πάντων
681 1511 785 1593 ἠξίου.
836 1514 898 1598 ἔφη
932 1509 970 1577 δὲ
1002 1514 1125 1598 δεῖν,2

71 1620 104 1683 εί
132 1613 193 1702 μὲν
222 1616 353 1701 ἀγαθὸν
383 1623 511 1683 οίονται
536 1616 630 1694 τέλος
656 1615 827 1703 εἰληφέναι
853 1620 913 1684 τὸν
940 1623 1086 1704 πόλεμον

50 1720 271 1809 ,ἀμφοτέροις
301 1726 396 1808 σφίσι
424 1722 486 1805 τήν
515 1723 613 1809 χάριν
642 1722 780 1789 είδέναι·
813 1726 844 1789 εί
873 1721 911 1789 δὲ
936 1728 1086 1813 πονηρὸν

72 1827 282 1914 ἀμφοτέρους
305 1832 456 1913 ζημιοῦν·
478 1830 575 1894 ιιοινά
597 1831 660 1916 γάρ
685 1829 871 1908 αὐτοῖςκαὶ
887 1831 928 1896 τά
947 1834 1126 1915 βουλεύ-ιι

22 1953 159 2020 Βεοματα
181 1932 237 2000 καὶ
258 1936 300 1999 τά
323 1938 403 2020 ἔργα
425 1932 481 1999 καὶ
503 1936 561 2012 τάς
584 1934 620 2001 ἐκ
642 1946 703 2001 τοῦ
723 1937 898 2020 δαιμονίου
916 1939 1016 2022 τύχάς
1033 1962 1087 2021 γε·
1111 2010 1116 2020 Ι

73 2039 219 2124 γονέναι.
264 2036 307 2124 ήν
335 2037 365 2105 δ’
393 2041 434 2107 ού
462 2044 567 2125 μόνον
590 2042 608 2108 δ
634 2044 733 2124 λόγος
755 2051 816 2107 τοῦ
838 2041 975 2127 ἀνδρός,
1002 2041 1086 2108 ἀλλά

72 2145 129 2212 καὶ
152 2148 171 2213 ό
194 2149 266 2231 βίος
283 2150 426 2230 πείθων,
448 2146 485 2212 έν
503 2148 626 2212 άπασιν
645 2144 861 2230 ἐξητασμένος
879 2148 989 2232 έργοις
1007 2145 1087 2228 ἀγα-

72 2258 160 2329 θοῖς.
195 2262 325 2339 προσῆν
349 2249 386 2318 δὲ
408 2254 550 2337 τούτοις,
568 2252 591 2325 ὃ
613 2256 770 2316 πλεῖστον
793 2250 943 2335 ἐκίνησεν
963 2246 1086 2335 οίκτον,
1106 2260 1126 2324 3

74 2361 190 2438 ὄφεως,
205 2367 313 2443 σχήμα
337 2357 520 2443 συμπαθές,
543 2350 617 2424 οἷον
635 2355 715 2442 περὶ
733 2357 854 2433 αὐτοὺς
871 2359 949 2433 τοὺς
966 2378 1087 2422 πεπον-
1101 2383 1127 2422 ιο

72 2467 179 2541 δότας
205 2464 225 2548 ή
253 2462 434 2549 μέλλοντας
449 2464 599 2549 ,πάσχειν
624 2465 666 2527 τά
694 2463 787 2527 δεινά
809 2466 965 2545 γίνεσθαι
987 2468 1086 2547 φιλεῖ.

73 2572 158 2636 ὥστε
187 2569 242 2635 καὶ
270 2573 349 2647 τοὺς
377 2571 603 2655 προσήκοντας
630 2580 700 2646 τοῖς
728 2568 916 2635 ἀπολωλόσι
944 2566 1001 2633 καὶ
1031 2570 1087 2634 δο-

72 2685 217 2752 κοῦντας
239 2675 464 2752 ἀδιαλλάκτως
486 2677 574 2760 ἔχειν
595 2676 678 2760 πρὸς
699 2677 759 2740 τὸν
783 2681 890 2741 αίτιον
913 2676 1008 2759 σφίσι
1029 2684 1087 2758 τῆς
1195 2693 1197 2697 ’

74 2791 259 2866 συμφορᾶς,
282 2768 534 2867 μαλακωτέρους
555 2778 714 2864 γενέσθαι
737 2779 792 2846 καί
814 2779 1005 2846 ἀποδόσθαι
1025 2781 1088 2864 τήν

74 2887 196 2973 ὀργήν,
223 2889 267 2964 ὡς
294 2887 476 2972 ἐδήλωσαν.
522 2886 755 2952 ἀναδοθεισῶν
782 2887 845 2973 γάρ
873 2897 940 2952 τῶν
962 2889 1087 2970 ψήφων
1101 2903 1128 2946 ιο

75 2993 215 3077 οὐδεμία
242 2994 332 3079 φυλή
359 3004 421 3059 τοῦ
448 2992 571 3078 ἀνδρὸς
596 2996 850 3077 κατεψηφίσατο.
896 2988 1002 3076 ὁμὲν
1025 2986 1087 3058 οὖν

149 3219 270 3275 ’ίαύτδν
289 3218 382 3275 om.A
454 3220 525 3282 θὼς
543 3220 588 3274 Ba
607 3217 637 3281 ὃς
654 3218 680 3271 R
752 3226 783 3273 11
804 3235 835 3272 στ
853 3223 967 3288 ατηγεῖν
986 3234 1009 3273 ο.
1025 3217 1088 3272 sin-

74 3288 150 3345 tenis
168 3289 229 3343 Em.
248 3290 330 3346 Dion.
344 3291 414 3344 1113
433 3288 526 3361 ἀνδρα
540 3320 573 3330 -
588 3288 742 3359 στρατηγόν
761 3306 784 3343 ο,
800 3239 889 3343 CoIet
908 3288 973 3342 Obs.
992 3306 1020 3357 p.
1035 3294 1087 3343 180

78 3365 111 3415 18
131 3359 146 3414 ό
165 3363 276 3415 πείθων
294 3361 341 3416 Ba
361 3370 364 3429 Ι
385 3362 496 3431 ἀγαθὸς
519 3378 541 3415 ο.
561 3359 725 3414 dubItanter
743 3358 887 3429 Kiessling
957 3364 990 3412 ‘22
1010 3360 1088 3414 ἀπω-
1183 3402 1186 3406 .

75 3436 137 3486 λοσι
154 3432 200 3485 Ba
272 3439 307 3487 24
325 3430 537 3502 μαλακωτέρους
554 3432 687 3500 γίνεσθαι
704 3431 755 3501 τήν
774 3429 860 3499 ἀργὴν
877 3430 902 3483 Α
944 3454 948 3460 ·
