2424 3848
514 185 675 232 -z..
1080 179 1100 243 9

85 343 255 428 ἐπισήμων
282 341 340 408 καὶ
367 346 468 425 λόγου
497 342 598 421 ἀξίων
626 339 749 407 οὐδένα
775 339 1001 428 κατέγραψαν,
1033 341 1101 407 έπι-

85 448 236 528 λέξαντες
269 446 306 514 δὲ
339 452 417 526 τοὺς
448 448 679 534 ἀπορωτάτους
710 471 744 512 τε
773 445 828 512 καὶ
856 448 1101 534 πονηροτάτους

85 566 153 621 τῶν
182 558 384 640 δημοτικῶν,
413 555 445 633 ἐξ
474 550 521 620 ὧν
545 554 600 620 άεί
618 578 711 630 τινας
733 553 928 620 ὑπώπτευον
952 578 1101 637 νεωτερι-

87 663 208 746 σμούς,
236 661 272 726 ἐκ
300 663 427 728 τούτων
453 664 711 746 συνεπλήρωσαν
734 662 793 726 τὸν
816 659 1014 726 ἀπόστολον·
1046 659 1100 725 καὶ

87 777 170 843 ναῦς
200 764 280 831 δέκα
306 769 448 844 παλαιάς
474 768 610 832 κάκιστα
637 766 800 843 πλεούσας
827 767 1102 849 καθελκύσαντες,
1128 787 1141 828 ε

88 868 136 937 ὧν
165 872 402 959 ἐτριηράρχουν
430 875 465 939 οί
488 870 681 938 πενέστατοι
703 875 881 956 Κυμαίων,
909 874 956 949 είς
982 874 1102 949 ταύτας

86 979 210 1055 αὐτοὺς
228 979 425 1064 ἐνεβίβασαν
442 980 592 1045 θάνατον
612 978 856 1062 ἀπειλήσαντες,
880 977 938 1044 ἐάν
956 1002 1004 1055 τις
1023 978 1102 1044 άπο-

87 1091 213 1170 λειφθῇ
236 1092 293 1168 τῆς
316 1090 493 1171 στρατείας.

22 1179 85 1259 1323
156 1190 214 1255 VI.
243 1188 278 1254 ‘0
302 1189 333 1255 δ’
356 1189 590 1278 Ἀριστόδημος
612 1201 772 1257 τοσοῦτον
796 1191 898 1256 εἰπὼν
920 1193 1035 1274 μόνον,
1059 1193 1103 1269 ὡς

88 1297 130 1362 οὐ
160 1294 301 1380 λέληθεν
329 1295 430 1363 αὐτὸν
458 1297 478 1381 ἡ
507 1297 639 1363 διάνοια
665 1307 732 1362 τῶν
760 1296 907 1383 ἐχθρῶν,
940 1297 990 1362 ότι
1013 1300 1100 1385 λόγῳ
1116 1318 1141 1357 10

87 1399 151 1487 μὲν
176 1400 228 1467 ἐπὶ
251 1406 439 1488 συμμαχίαν
463 1402 564 1469 αὐτὸν
587 1403 864 1487 ἀποστέλλουσιν,
887 1406 972 1491 έργμ
997 1400 1026 1467 δ’
1055 1406 1103 1480 είς

86 1503 261 1592 προῦπτον
288 1511 449 1595 όλεθρον,
477 1508 604 1595 δέχεται
631 1507 691 1594 μὲν
719 1512 780 1595 την
803 1514 1017 1594 στρατηγίαν,
1045 1509 1102 1574 άν-

87 1610 206 1697 αχθεὶς
225 1610 256 1677 δ’
273 1614 339 1696 ἅμα
358 1624 426 1690 τοῖς
444 1612 601 1700 πρέσβεσι
619 1624 685 1679 τῶν
700 1612 881 1699 Ἀρικηνῶν
901 1615 957 1680 διὰ
975 1614 1101 1702 ταχέων

86 1717 144 1784 καὶ
163 1721 200 1783 τὸ
220 1719 339 1802 μεταξύ
358 1719 499 1803 πέλαγος
515 1719 679 1797 ἐπιπόνως
691 1719 744 1785 καὶ
759 1723 973 1800 κινδυνωδῶς
987 1724 1102 1788 διανύ-

87 1843 149 1901 σας
164 1825 327 1910 ὁρμίζεται
345 1826 426 1890 κατδι
440 1828 518 1902 τοὺς
532 1828 664 1908 ἔγγιστα
677 1836 734 1911 τῆς
744 1824 904 1914 Ἀρικείας
918 1830 1100 1912 αἰγιαλούς·
1116 1846 1141 1887 1⁵

86 1929 145 1997 καὶ
172 1932 360 1996 καταλιπὼν
388 1931 425 1997 έν
452 1943 524 2008 ταῖς
547 1930 646 1996 ναυσὶ
668 1935 821 2018 φυλακην
844 1933 1042 2021 ἀποχρῶσαν
1065 1935 1102 2000 ἐν

87 2045 128 2121 τῇ
159 2037 271 2122 πρώτη
298 2034 392 2102 νυκτὶ
419 2038 480 2121 την
508 2036 572 2102 άπὸ
600 2038 771 2121 θαλάσσης
798 2039 878 2106 ὁδὸν
907 2041 947 2105 ού
975 2043 1102 2125 πολλὴν

91 2136 198 2207 οὖσαν
226 2143 385 2220 διανύσας
411 2141 618 2228 ἐπιφαίνεται
644 2155 714 2220 τοῖς
734 2142 916 2229 Ἀρικηνοῖς
942 2144 1017 2232 περὶ
1044 2149 1102 2212 τὸν

90 2251 220 2333 ὄρθρον
243 2246 497 2333 ἀπροσδόκητος.
534 2247 675 2333 θέμενος
699 2246 735 2314 δέ
755 2255 897 2335 πλησίον
916 2251 1026 2317 αὐτῶν
1044 2254 1137 2319 τὸν2

89 2354 217 2440 χάρακα
244 2353 299 2419 καὶ
325 2358 402 2432 τοὺς
429 2358 713 2440 καταπεφευγότας
740 2359 787 2433 είς
813 2359 853 2422 τά
877 2361 966 2445 τείχη
989 2363 1103 2436 πείσας
1117 2378 1143 2418 νο

89 2465 271 2546 προελθεῖν
298 2462 345 2538 είς
371 2461 540 2547 ὕπαιθρον
567 2463 784 2548 προύκαλεῖτο
807 2468 885 2542 τοὺς
911 2468 1104 2552 Τυρρηνοὺς

89 2568 196 2643 εὐθὺς
217 2569 265 2644 είς
287 2568 402 2653 μάχην.
426 2566 621 2654 7γενομένου
646 2567 676 2633 δ’
695 2568 731 2634 ἐκ
749 2570 957 2657 παρατάξεως
974 2572 1103 2655 ἀγῶνος

89 2681 252 2759 καρτεροῦ
280 2674 315 2738 οί
339 2670 400 2758 μέν
419 2671 587 2761 Ἀρικηνοί
614 2677 741 2761 βραχὺν
765 2676 854 2742 πάνυ
878 2679 1103 2762 διαμείναντες

89 2782 214 2866 χρόνον
247 2777 418 2845 ἐνέκλιναν
451 2779 588 2866 άθρόοι,
619 2779 674 2846 καὶ
706 2785 832 2865 γίνεται
860 2783 960 2848 πάλιν
990 2783 1037 2858 είς
1065 2783 1102 2846 τὸ

90 2896 197 2971 τεῖχος
223 2884 333 2950 αύτῶν
360 2889 464 2971 φυγή·
497 2886 514 2951 ὁ
541 2884 572 2951 δ’
594 2884 829 2974 Ἀριστόδημος
852 2891 915 2952 σὺν
937 2897 1006 2963 τοῖς
1028 2886 1142 2974 περδῶ

22 2991 195 3058 ιεεεαύτὸν
222 2991 339 3074 λογάσι
362 2995 524 3075 Κυμαίων
552 2988 676 3076 ὀλίγοις
703 2988 779 3059 οὖσι
805 3001 872 3058 πάν
899 2994 936 3056 τὸ
960 3002 1021 3058 τοῦ
1044 3015 1102 3059 πο-

162 3153 178 3200 3
203 3145 493 3221 ύπ<ώ>πτευ<ο>νΒ
549 3150 685 3211 ἵαύτούς
703 3165 756 3202 om.
776 3148 801 3200 A
856 3145 1035 3218 8στρατείας
1053 3149 1101 3204 BC

90 3225 222 3288 στρατιᾶς
237 3218 263 3270 Β,
314 3223 346 3271 15
362 3216 515 3288 ἈρικίαςΒ
567 3225 599 3272 16
619 3216 649 3273 ἐν
665 3219 686 3272 0
703 3215 906 3287 §ulKiessling
956 3224 988 3272 17
1007 3221 1102 3291 πρώτη
1161 3289 1163 3292 ⁴

88 3289 142 3358 τὴν
161 3288 217 3343 ἀπὸ
236 3292 267 3343 θ.
283 3287 351 3344 ὁδόν
369 3289 450 3344 νυκτὶ
469 3289 616 3360 Θριασίου
632 3291 652 3343 Β
706 3294 740 3342 22
759 3287 911 3358 γενομένου
926 3288 953 3344 δ’
967 3287 998 3344 ἐκ
1011 3311 1104 3361 παρα-

88 3359 194 3426 τάξεως
217 3360 326 3428 όιγῶνος
349 3360 374 3413 Α
393 3359 436 3415 Cb
462 3359 614 3430 γενομένης
637 3359 668 3414 δὲ
687 3359 868 3430 παρατάξεως
886 3361 935 3416 καὶ
953 3363 1061 3431 ἀγῶνος
1078 3361 1103 3412 R

90 3431 142 3486 sed
160 3431 195 3487 ef.
214 3431 256 3484 ΠΙ
275 3437 318 3500 32,
335 3439 351 3485 3
371 3431 472 3501 (1340,
492 3435 519 3502 4)
