2424 3848
519 188 687 237 -Η-

96 373 159 434 μης
186 346 372 431 ἀποστῆναί
396 363 432 412 σε
461 345 539 424 ἀξιῶ
568 356 627 413 τοῦ
654 343 818 431 πολέμου,
847 348 1006 411 πείσαντα
1032 349 1113 424 τοὺς

99 454 332 531 Οὐολούσκους
359 453 531 539 μετριάσαι
561 450 637 539 περὶ
663 453 721 529 τάς
749 453 928 536 διαλλαγὰς
954 449 1010 517 καὶ
1037 473 1114 518 ποι-

96 564 243 644 ησασθαι
270 560 332 643 τὴν
361 559 498 643 εἰρήνην
530 555 729 644 ἀμφοτέροις
759 568 828 635 τοίς
860 560 975 624 ἔθνεσι
1007 561 1116 643 καλὴν

97 664 152 732 καὶ
175 662 377 748 πρέπουσαν.
422 672 520 729 τοῦτο
540 660 577 729 δὲ
595 660 715 745 γένοιτ’
739 664 794 748 ἀν,
817 666 848 729 εί
863 673 929 730 νύν
948 661 1010 750 μὲν
1032 663 1116 731 ἀνα-

72 775 221 855 σστήσας
256 771 317 854 τὴν
349 770 504 855 στρατιὰν
537 768 720 853 ἀπαγάγοις
755 768 944 848 ἐνιαυσίους
973 772 1116 856 ποιησά-

98 900 197 962 μενος
219 875 356 961 ἀνοχάς,
384 874 420 941 ἐν
444 871 481 941 δὲ
503 884 549 961 τῷ
571 874 690 960 μεταξὺ
718 879 829 965 χρόνφ
856 875 1010 962 πρέσβεις
1032 877 1117 945 ἀπο-

99 980 244 1048 στέλλων
272 1006 307 1047 τε
332 979 387 1047 καὶ
411 983 589 1067 δεχόμενος
612 980 722 1066 ἀληθῆ
744 984 862 1066 φιλίαν
884 983 1041 1068 πράττοις
1059 981 1116 1050 καὶ

65 1089 280 1171 3διαλλοιγάς
306 1090 450 1172 βεβαίας.
496 1084 552 1152 καὶ
578 1080 617 1151 εὖ
645 1092 731 1152 ίσθι·
762 1084 916 1173 Ῥωμαῖοι
945 1086 1024 1174 μέν,
1053 1089 1117 1155 ὅσα

99 1199 179 1280 μήτε
202 1197 240 1260 τὸ
263 1191 431 1259 ἀδύνατον
454 1189 528 1278 μήτ’
556 1194 638 1277 ἀλλη
669 1215 718 1270 τις
739 1190 856 1271 ἀδοξία
878 1203 1115 1279 προσπεσοῦσα

60 1323 86 1362 10
99 1302 253 1385 κωλύσει,
275 1300 382 1366 πάντα
405 1300 611 1383 ὑπομενοῦσι
632 1299 789 1384 πράττειν
811 1302 900 1388 λόγφ
927 1297 983 1366 καλ
1009 1321 1116 1388 παρα-

98 1409 213 1490 κλήσει
234 1408 446 1490 πειθόμενοι,
473 1403 733 1490 ἀναγκαζόμευοι
761 1402 810 1489 δ’,
839 1407 948 1492 ὥσπερ
977 1409 1020 1472 σὺ
1050 1417 1117 1474 νῦν

100 1511 214 1595 ἀξιοῖς,
237 1506 341 1578 οὐθὲν
364 1510 406 1575 ἀν
429 1511 560 1577 πώποτε
583 1513 775 1597 χαρίσαιντο
798 1511 880 1596 ὑμῖν
901 1513 977 1578 ούτε
1000 1517 1115 1598 μεῖζον

100 1615 170 1684 οὔτ’
201 1620 353 1701 ἔλαττον,
383 1617 427 1694 ὡς
456 1616 489 1695 ἐξ
520 1618 631 1682 ἀλλων
661 1640 695 1682 τε
728 1621 863 1682 πολλῶν
894 1617 1036 1704 πάρεστί
1061 1635 1116 1685 σοι

99 1730 305 1807 καταμαθεῖν
328 1719 382 1788 καὶ
405 1724 445 1788 τά
467 1728 637 1789 τελευταία
661 1721 694 1800 ἐξ
718 1716 767 1788 ὧν
790 1726 948 1800 Λατίνοις
970 1726 1117 1810 συνεχώ-

61 1849 87 1891 15
101 1845 208 1915 ρησαν
226 1827 408 1909 ἀποστᾶσιν
427 1829 490 1896 ἀπὸ
508 1841 576 1895 τῶν
595 1829 720 1894 ὅπλων·
744 1827 952 1894 Οὐολοῦσκοι
972 1825 1009 1894 δὲ
1028 1833 1116 1896 πολὺ

100 1939 138 2002 τὸ
162 1936 309 2012 αύθαδες
331 1937 476 2021 ἔχουσιν,
500 1935 518 2001 ὃ
542 1939 717 2020 συμβαίνει
738 1945 809 2012 τοῖς
829 1935 954 2019 μεγάλα
977 1933 1159 2020 εὐτυχη-ισῑ

64 2049 208 2110 4σασιν.
255 2041 312 2106 ἐάν
341 2038 422 2126 <δὲ>
446 2042 605 2127 διδάσκης
634 2042 770 2126 αὐτούς,
798 2041 849 2107 ὅτι
875 2051 963 2113 πᾶσα
986 2038 1049 2126 μὲν
1071 2044 1119 2107 εί-

101 2150 186 2234 ρηνη
205 2150 328 2224 παντός
343 2146 411 2212 ε’στι
424 2145 572 2233 πολέμου
586 2151 755 2234 κρείττων,
775 2149 937 2233 σύμβασις
951 2142 989 2212 δὲ
1007 2150 1119 2231 φίλων

100 2255 183 2318 κατά
205 2255 265 2319 τὸν
289 2251 443 2318 ἑκούσιον
466 2253 624 2339 γινομένη
648 2258 772 2341 τρόπον
795 2265 863 2321 τῶν
885 2250 942 2318 ὑπ’
972 2251 1121 2338 ἀνάγκης

63 2382 89 2421 ιο
104 2357 389 2445 συγχωρηθέντων
419 2359 628 2446 βεβαιοτέρα,
655 2358 710 2426 καὶ
739 2359 789 2426 ὅτι
813 2361 999 2446 σωφρόνων
1027 2357 1119 2426 ε’στδν

102 2463 303 2551 ἀνθρώπων,
327 2465 407 2530 ὅταν
426 2462 487 2549 μὲν
506 2461 544 2531 εὖ
567 2467 722 2549 πράττειν
742 2468 877 2550 δοκῶσι,
899 2466 1120 2549 ταμιεύεσθαι

101 2573 160 2648 τὰς
181 2572 297 2657 τύχας,
325 2571 405 2636 ὅταν
434 2569 463 2635 δ’
491 2573 539 2648 είς
565 2573 721 2649 ταπεινάς
748 2569 804 2637 καὶ
827 2571 956 2656 φαύλας
979 2573 1120 2657 ἔλθωσι,

102 2674 211 2764 μηθὲν
244 2675 423 2762 ὑπομένειν
455 2675 603 2760 ἀγεννές·
637 2674 692 2742 καὶ
722 2671 843 2760 τάλλα,
871 2676 933 2741 ὅσα
963 2678 1011 2753 είς
1039 2677 1121 2762 ἡμε-

104 2787 224 2868 ρότητα
255 2781 310 2849 καὶ
345 2782 521 2849 ἐπιείκειαν
558 2782 711 2868 ἐπαγωγὰ
742 2784 950 2868 παιδεύματα
982 2782 1120 2868 εὕρηται

176 3017 190 3063 1
210 3012 275 3080 post
293 3011 430 3064 πείσαντα
448 3026 548 3064 rasura
565 3010 651 3064 trium
669 3010 715 3065 vel
733 3010 868 3077 quattuor
885 3008 943 3063 litt.
963 3009 986 3062 B
1017 3015 1021 3076 Ι
1054 3012 1122 3080 post

103 3083 168 3145 τούς
186 3098 243 3135 una
260 3080 358 3134 littera
377 3096 459 3134 erasa
531 3076 597 3137 θέν
616 3086 654 3153 τῷ
673 3081 776 3150 μεταξύ
795 3080 883 3153 τούτῳ
902 3078 1039 3149 χρύνωΑ
1105 3088 1121 3136 9

104 3160 301 3223 προσπεσοῦσα
316 3151 366 3205 ΑΟ
385 3159 527 3222 προσοῦσα
546 3152 569 3204 Β
643 3155 675 3206 15
697 3151 884 3214 Οὐολούσκοις
899 3152 924 3203 Α
947 3137 1123 3209 Οάολοῦσκοι

105 3223 136 3277 δὲ
156 3232 208 3276 νῦν
227 3222 278 3292 μὲν
296 3223 367 3276 πολὺ
387 3240 409 3277 ο.
429 3222 533 3277 Reiske
606 3229 639 3277 17
658 3221 689 3277 δὲ
710 3222 774 3277 add.
791 3222 924 3290 Sylburg;
947 3222 1124 3281 Οὐολοῦσκοι

105 3292 137 3347 δὲ
156 3295 227 3347 πολὺ
253 3293 285 3346 τὸ
309 3293 437 3356 αύθαδες
455 3291 579 3363 ἔχοντες,
605 3289 656 3348 ἐὰν
683 3292 818 3365 διδάσκῃς
837 3292 941 3354 αύτούς
961 3325 994 3335 -
1014 3295 1125 3368 ὑποβή-

106 3380 203 3417 σονται
221 3380 245 3418 ο.
264 3363 407 3432 Kiessling
489 3370 522 3418 19
541 3361 676 3434 γενομένη
697 3381 719 3419 ο.
733 3362 877 3433 Kiessling
962 3371 996 3420 22
1016 3364 1058 3429 είς
1076 3387 1126 3422 τα-

106 3433 191 3488 πεινὰ
209 3433 259 3488 καὶ
278 3438 373 3503 φαύλα
392 3452 415 3490 ο.
433 3434 577 3506 Kiessling
596 3435 721 3504 φαύλους
739 3435 764 3488 Α
