2378 3840
513 176 675 224 -Z-
1037 170 1100 234 109

84 341 154 413 λοις
176 335 427 420 κοινωσάμενος
444 336 484 399 τά
503 337 733 418 συμβεβηκότα
750 333 806 400 καλ
829 331 1022 410 κελευσθεὶς
1040 331 1096 399 ὑπ’

85 441 223 507 ἐκείνων
244 442 338 525 ήκειν
357 440 410 507 ἐπὶ
427 443 489 526 τῆν
508 443 643 524 βουλήν.
690 441 823 520 διεξιὼν
841 437 879 506 δὲ
897 451 999 508 ταῦτα
1020 441 1102 506 κατὰ

86 551 205 633 μικρὸν
220 547 327 614 ἐδόκει
341 559 408 614 τῶν
422 547 620 633 ἀλγηδόνων
629 546 908 613 ἀπαλλάττεσθαι·
923 544 979 612 καὶ
988 547 1101 631 ἐπειδὴ

86 652 192 720 πάντα
221 653 397 739 διεξῆλθεν
426 652 568 730 ἀναστὰς
599 654 635 719 ἐκ
666 664 727 719 τοῦ
758 655 925 719 κλινιδίου
957 651 1012 719 καὶ
1044 655 1104 718 τὸν

87 763 169 827 θεὸν
183 760 373 844 ἀναβοήσας
391 757 490 846 ἀπῄει
507 771 577 837 τοῖς
596 756 716 825 ἑαυτοῦ
734 757 813 824 ποσὶ
832 759 888 824 διά
906 769 964 844 τῆς
977 761 1104 835 πόλεως
1131 784 1144 826 ε

90 869 201 934 οἴκαδε
224 867 330 950 ὑγιής.

155 972 326 1040 LXVIHI.
358 972 407 1038 ‘H
434 971 473 1039 δὲ
503 975 609 1059 βουλή
642 972 740 1050 δέους
767 971 937 1049 ἀνάπλεως
965 970 1106 1056 ἐγένετο,

90 1078 143 1146 καὶ
166 1080 292 1166 ἀχανής
313 1076 356 1164 ήν
379 1080 516 1158 ἕκαστος
538 1081 600 1146 ούκ
629 1082 714 1166 ἔχων
738 1083 919 1164 συμβαλεῖν
926 1127 935 1161 ,
963 1080 982 1145 ὅ
1009 1101 1041 1142 τι
1068 1081 1105 1144 τὸ

92 1189 301 1272 δηλούμενον
313 1182 357 1271 ήν
369 1187 435 1253 ὑπὸ
449 1198 510 1253 τοῦ
523 1194 620 1272 θεοῦ,
637 1185 693 1252 καὶ
714 1190 762 1263 τίς
775 1207 853 1252 ποτε
869 1186 887 1251 ὁ
901 1195 958 1268 τῆς
976 1194 1106 1268 πομπῆς

39 1294 252 1380 ιιτεόργηστής
274 1295 526 1379 προηγούμενος
548 1294 589 1360 ού
612 1295 712 1370 καλὸς
735 1292 823 1380 αὐτῷ
847 1292 962 1377 ἐφάνη.
997 1293 1106 1356 ἔπειτα
1121 1315 1147 1357 ω

93 1400 178 1484 λέγει
211 1424 262 1476 τις
293 1399 326 1479 ἐξ
355 1401 465 1466 αὐτῶν
498 1398 725 1485 ἀναμνησθεὶς
754 1403 792 1466 τὸ
823 1402 1020 1484 γενόμενον,
1052 1395 1106 1463 καὶ

92 1508 210 1584 πάντες
238 1505 478 1593 ἐμαρτύρησαν.
528 1503 571 1591 ήν
604 1508 641 1572 δὲ
668 1507 814 1573 τοιόνδε·
843 1505 927 1593 ἀνῆρ
951 1503 1108 1590 Ῥωμαῖος

94 1613 152 1679 οὐκ
184 1612 315 1698 ἀφανὴς
347 1613 539 1698 θεράποντα
576 1615 664 1679 ίδιον
702 1611 756 1678 ἐπὶ
786 1616 927 1699 τιμωρίᾳ
957 1611 1108 1677 θανάτου

94 1720 263 1805 παραδοὺς
285 1729 354 1795 τοῖς
377 1719 576 1803 ὁμοδούλοις
598 1721 709 1804 άγειν,
732 1721 788 1786 ίνα
816 1720 858 1802 δή
881 1719 1107 1804 περιφανῆςή

94 1830 233 1910 τιμωρία
255 1833 316 1890 τοῦ
340 1824 523 1910 ἀνθρώπου
542 1824 688 1911 γίνηται,
712 1822 755 1891 δι’
779 1824 901 1910 ἀγορᾶς
920 1826 1022 1891 αὐτὸν
1042 1824 1109 1891 ἐκέ·
1124 1847 1149 1890 ιε

96 1937 189 1998 λευσε
217 1931 484 2015 μαστιγούμενον
512 1930 620 1997 ἕλκειν
647 1929 703 1997 καὶ
731 1937 766 1996 εί
787 1955 837 2008 τις
866 1933 966 2009 άλλος
987 1927 1030 2015 ήν
1053 1943 1110 2016 τῆς

93 2042 218 2115 πόλεως
251 2040 351 2113 τόπος
385 2035 548 2120 ἐπιφανής
581 2039 770 2123 ήγούμενον
799 2047 857 2120 τῆς
885 2047 1032 2123 πομπῆς,
1067 2038 1109 2121 ῆν

95 2148 224 2211 ἔστελλε
247 2149 386 2230 τῷθεῷ
410 2141 482 2208 κατ’
511 2145 639 2210 ἐκεῖνον
662 2147 721 2210 τὸν
744 2146 861 2230 καιρὸν
884 2145 904 2228 ἡ
928 2148 1032 2221 πόλις.
1078 2145 1113 2211 οί
1124 2152 1145 2215 2

96 2245 124 2316 δ’
146 2252 283 2334 ἀγοντες
301 2252 360 2316 τὸν
378 2245 570 2335 θεράποντα
594 2249 647 2316 ἐπὶ
665 2252 726 2334 τήν
744 2255 905 2336 τιμωρίαν
923 2253 981 2328 τάς
998 2262 1110 2338 χεῖρας

96 2355 325 2433 ἀποτείναντες
352 2355 539 2442 ἀμφοτέρας
562 2355 618 2422 καλ
640 2356 728 2446 ξύλῳ
752 2359 1000 2444 προσδήσαντες
1022 2361 1151 2443 παρίτω

37 2465 135 2531 ιιεότδ
158 2462 278 2548 στέρνα
305 2484 340 2526 τε
366 2460 422 2527 καλ
450 2465 528 2539 τοὺς
557 2465 668 2547 ὤμους
689 2462 744 2529 καὶ
767 2462 862 2549 μέχρι
885 2477 952 2529 τῶν
975 2476 1112 2550 καρπῶν

98 2572 246 2654 διήκοντι
260 2571 542 2654 παρηκολούθουν
555 2568 724 2648 ξαίνοντες
737 2569 867 2654 μάστιξι
881 2573 1011 2654 γυμνὸν
1022 2572 1111 2635 όντα.

99 2677 116 2742 ὁ
143 2673 173 2742 δ’
205 2675 243 2742 ἐν
270 2676 383 2762 τοιᾷδε
417 2673 544 2760 ἀνάγκη
572 2677 795 2760 κρατούμενος
823 2675 903 2759 ἐβόα
934 2699 968 2740 τε
998 2677 1113 2760 φωνὰς

100 2784 309 2869 δυσφήμους,
332 2781 371 2858 ἃς
392 2780 413 2864 ῆ
438 2780 592 2867 ἀλγηδὼν
616 2782 787 2867 ἐβούλετο,
810 2780 865 2847 καὶ
888 2784 1034 2865 κινήσεις
1056 2782 1113 2846 διὰ

99 2890 157 2973 τήν
180 2891 292 2954 αίκίαν
311 2886 500 2974 ἀσχήμονας
519 2888 665 2955 ἐκινεῖτο.
702 2900 823 2955 τοῦτον
842 2888 883 2971 δῆ
902 2889 1021 2965 πάντες
1040 2888 1112 2954 ίνόι
1126 2906 1152 2948 ετ

169 3145 546 3218 2ήκε.νΒεήκενΑΒὶ)
626 3151 857 3221 9δπρὸτῆςΒ
937 3154 970 3204 10
989 3149 1113 3221 προαγό-

102 3242 181 3292 μενος
198 3223 224 3276 Α
243 3221 380 3292 ἀγόμενος
398 3222 421 3274 Β
439 3221 649 3293 προηγούμενος
668 3221 789 3290 Sylburg
877 3227 908 3274 19
929 3215 976 3274 ίπλ
994 3224 1113 3292 τιμωρία

101 3293 248 3375 03Garfer
266 3291 332 3347 obs.
351 3312 379 3363 p.
399 3299 432 3348 75
532 3298 566 3347 22
585 3290 855 3416 ξ<αι>νοντὲε>ςΒ
955 3300 988 3347 23
1009 3289 1040 3348 ἐν
1059 3276 1113 3349 (ἰοί.

101 3363 244 3432 Κιεεελιος
351 3370 386 3418 26
410 3360 530 3419 ἐποιεῖτο
553 3364 579 3417 Α
602 3360 721 3419 ἐκινεῖτο
791 3363 922 3432 1demque
945 3362 1113 3419 Plutarchus

102 3434 207 3491 Coriol..
221 3454 249 3504 p.
264 3441 299 3489 24
317 3435 390 3504 legit
694 3466 704 3481 ·
