2424 3848
102 217 145 282 τι
526 222 687 270 -ι-

100 389 146 468 τῷ
171 381 264 469 δήμω
289 379 399 446 δίκαιά
422 402 456 445 τε
478 379 535 446 καὶ
557 381 655 446 όίδικα
676 381 859 466 προθύμως
881 381 1118 466 χαριζομένους

64 488 241 571 2όμεινον
263 485 345 572 ἐμοῦ
369 486 462 566 δόξαι
481 499 629 573 φρονεῖν.
675 486 788 571 ἐπειδη
809 485 840 552 δ’
861 488 934 574 οὐχ,
956 489 1001 566 ὡς
1019 488 1117 575 ἐβου-

102 597 208 677 λόμην
231 616 265 658 τε
288 592 342 659 καὶ
370 606 439 670 τοῖς
456 601 550 671 θεοῖς
571 593 737 680 ηὐχόμην,
764 594 804 659 τὰ
833 594 1007 680 πράγματα
1034 596 1117 681 ὑμίν

101 700 300 784 κεχώρηκεν,
318 695 390 765 ἀλλ’
408 700 453 776 ὡς
471 697 577 787 ᾤμην,
596 699 651 765 καὶ
669 702 919 786 περιεστήκασιν
938 701 975 764 αλ
986 700 1117 786 χάριτες

74 805 183 889 ιὺμίυ
201 808 249 882 είς
266 808 419 890 φθόνους
436 803 491 871 καὶ
511 809 602 890 μίση,
621 807 658 871 τὸ
677 804 738 890 μὲν
757 805 908 890 ἐπιτιμᾶν
925 817 995 883 τοῖς
1012 806 1117 893 ἡμαρ-

101 910 254 995 τημένοις
280 911 360 995 ὑμίν
388 910 443 976 καὶ
470 916 586 977 λυπεῖν
613 911 700 996 ὑμᾶς
727 912 783 976 διὰ
810 921 921 996 κενῆς,
949 911 967 978 δ
992 913 1117 1001 ῥᾷστόν

102 1017 173 1083 ἐστι
199 1015 253 1083 καὶ
280 1027 383 1083 πᾶσιν
409 1018 454 1095 ὡς
480 1018 519 1083 τὰ
541 1019 648 1084 πολλὰ
669 1029 778 1084 ποιεῖν
801 1019 964 1103 σύνηθες,
994 1019 1056 1085 οὐκ
1080 1018 1117 1086 ἐν

101 1132 205 1212 καιρῷ
228 1123 307 1190 νυνὶ
329 1125 554 1209 γενησόμενον
577 1125 666 1210 δρῶν
690 1123 785 1191 ἐοίσω.
830 1123 863 1203 ἐξ
889 1119 937 1190 ὧν
960 1121 997 1190 δὲ
1020 1125 1060 1190 τό
1083 1149 1118 1192 τε

100 1234 312 1318 παρελθόντα
327 1230 644 1316 ἐπανορθωσόμεθα,
666 1231 728 1296 ὅσα
741 1232 786 1315 μὴ
800 1231 1010 1296 παντάπασιν
1025 1230 1119 1298 ἀνιό-

61 1360 89 1400 10
102 1361 166 1415 τως
189 1339 266 1424 ἔχει,
288 1335 343 1403 καὶ
364 1335 440 1424 περὶ
457 1348 524 1403 τῶν
542 1339 717 1423 παρόντων
736 1338 873 1421 ἄμεινον
891 1340 1118 1424 φρονήσομεν,

66 1452 204 1516 3ταῦτα
231 1443 427 1528 πειράσομαι
451 1440 568 1526 λέγειν.
614 1446 721 1508 καίτοι
749 1465 789 1527 με
813 1442 853 1508 οὐ
877 1441 1035 1529 λέληθεν,
1066 1445 1170 1513 ὅτι141

101 1551 282 1634 μαίνεσθαι
304 1549 359 1613 καλ
383 1554 534 1614 θανατᾶν
554 1547 639 1627 δόξω
658 1547 745 1614 τισὶν
762 1549 858 1634 ὑμῶν
881 1551 1019 1635 γνώμην
1041 1550 1119 1638 περὶ

101 1655 230 1720 τούτων
249 1653 431 1740 ἐλευθέραν
455 1653 722 1741 ἀποφαινόμενος
745 1654 1020 1741 ἐνθυμουμένοις,
1045 1657 1118 1741 ἡλί-

101 1785 183 1835 κους
204 1763 270 1846 ἐχει
292 1761 473 1838 κινδύνους
495 1762 513 1827 δ
537 1762 617 1846 μετὰ
639 1765 823 1848 παρρησίας
846 1765 954 1846 λόγος,
981 1762 1037 1829 καὶ
1060 1765 1119 1842 τὰς

61 1891 88 1932 15
102 1871 259 1951 Μαρκίου
283 1868 466 1953 συμφοράς,
489 1866 526 1945 δς
546 1868 587 1933 οὐ
607 1866 650 1932 δι’
672 1867 785 1955 ἕτερόν
804 1892 836 1933 τι
853 1867 931 1933 νυνὶ
954 1870 1013 1934 τὸν
1031 1867 1117 1957 ὑπὲρ

64 1982 159 2057 4τῆς
176 1982 284 2060 ψυχῆς
301 1973 413 2058 ἀγῶνα
430 1973 549 2060 τρέχει,
568 1977 800 2059 λογιζομένοις.
832 1972 903 2040 ἀλλ’
923 1975 984 2040 οὐκ
1004 1982 1118 2062 οίομαι

103 2082 175 2146 δεῖν
197 2091 256 2165 τῆς
280 2082 366 2158 ίδίας
388 2080 567 2166 ἀσφαλείας
591 2085 693 2146 πλείω
716 2087 886 2146 ποιεῖσθαι
909 2084 1072 2167 πρόνοιαν
1096 2083 1117 2168 ἣ

102 2196 160 2271 τῆς
181 2196 295 2271 κοινῆς
314 2187 481 2273 ὠφελείας.
518 2186 649 2253 δέδοται
667 2189 730 2270 γδιρ
748 2189 812 2271 ἤδη
830 2198 900 2264 τοῖς
917 2184 1001 2274 ὑπὲρ
1019 2189 1118 2273 ὑμῶν

102 2294 273 2370 κινδύνοις
295 2295 333 2359 τὸ
357 2304 451 2386 σῶμα
472 2293 609 2378 τούμόν,
637 2289 663 2358 ὦ
686 2294 802 2378 βουλή,
825 2292 881 2359 καὶ
903 2297 1118 2361 καθωσίωται

60 2423 89 2463 ιο
102 2411 171 2477 τοῖς
193 2397 276 2487 ὑπὲρ
298 2409 356 2484 τῆς
377 2402 504 2477 πόλεως
526 2399 668 2484 ἀγῶσιν,
696 2401 778 2465 ὥστε
804 2400 823 2464 ό
850 2422 883 2465 τι
906 2398 947 2465 διν
974 2410 1019 2488 τςό
1044 2403 1118 2467 δαί-

101 2530 180 2592 μονι
209 2509 306 2592 δοκῇ,
335 2507 415 2591 μετδι
444 2507 579 2572 πάντων
608 2530 643 2572 τε
672 2504 727 2572 καὶ
757 2508 821 2571 σὺν
849 2507 992 2591 ὀλίγοις,
1021 2510 1053 2572 εί
1081 2505 1112 2573 δ’

101 2613 228 2699 ἀνάγκη
256 2610 310 2678 καὶ
337 2616 439 2697 μόνος
466 2612 609 2696 εὐγενῶς
637 2616 804 2698 πείσομαι·
835 2611 897 2690 ἕως
927 2608 956 2677 δ’
984 2612 1027 2678 δν
1052 2617 1116 2700 ἐχω

101 2721 162 2804 τὴν
184 2722 311 2807 ψυχήν,
338 2719 449 2796 οὐδείς
472 2743 511 2805 με
534 2718 645 2804 ἀφίξει
668 2721 773 2804 φόβος
795 2720 840 2803 μη
869 2719 929 2803 οὐχ
953 2718 974 2784 δ
997 2731 1115 2805 φρονῶ

101 2824 219 2911 λέγειν.

173 3060 191 3144 :1
210 3052 246 3176 δοχς
265 3051 365 3179 οχόμην
379 3053 475 3177 §agne
489 3052 566 3178 ίιμχν
582 3053 724 3178 οόκχιχῗλ)
765 3052 876 3178 Οόὴμῑν
892 3053 998 3176 (χροΐ.
1013 3051 1115 3177 Ροτλχιχ

101 3123 529 3320 διέιςδιιδόμεδαιαὸεἴτέιςροίέσομαι
547 3142 668 3286 §mem
694 3143 762 3248 πῗ2
782 3140 1020 3320 μὲδὲιίξνεσΒθιδαθΒ
1082 3200 1116 3284 1'3

101 3262 427 3408 λῖῗδῖλὶλῖἒίλιλλ
445 3270 792 3407 ίῖυίίλίλίὲἶλιοδ
811 3272 908 3393 ‘⁷⁶⁶1ss
916 3273 1116 3463 ακοῗιῖλῗῇ

101 3406 306 3477 ΒδΙὴμῶνΑ
364 3414 397 3463 21
418 3410 500 3463 δοκεῖ
514 3406 562 3461 Aa
581 3409 694 3479 δοκηλδ
751 3415 785 3462 22
805 3405 889 3472 τέωςῖ
948 3413 982 3462 23
1022 3408 1114 3480 φίξει]

102 3477 219 3549 ἀφὲλξει
237 3495 260 3535 c.
279 3477 384 3533 Reiske
403 3474 498 3548 ἐφέξει
517 3496 539 3535 ο,
561 3478 649 3534 Cobet
668 3478 732 3535 Obs.
751 3497 778 3548 p.
795 3485 846 3535 146
