2424 3848
492 136 582 225 -'z
620 202 652 212 -
1038 173 1080 237 ιο

59 337 135 417 θείη
161 334 345 420 παρελθὼν
369 335 416 410 είς
438 335 499 418 την
521 336 629 399 πόλιν.
666 334 702 398 οί
718 329 755 398 δέ
773 337 1007 412 καταλιπόντες
1024 336 1115 413 τάς3

61 436 216 528 πατρῴας
244 436 353 517 ἑστίας
381 439 418 504 έν
445 450 514 516 τοῖς
541 438 654 525 ἀγροῖς
684 440 794 525 ὥσπερ
818 441 934 506 δοῦλοι
957 440 1080 528 διετρέ-

62 569 167 630 φοντο
182 556 252 622 τοῖς
266 544 476 610 ἀποκτείνασι
490 547 567 621 τοὺς
579 544 721 631 πατέρας
734 545 843 611 αὐτῶν
858 549 1078 632 λατρεύοντες.

62 653 117 718 ’ίνα
148 647 187 716 δὲ
215 647 299 735 μηδὲ
325 660 393 716 τῶν
420 650 531 716 ἀλλων
558 655 703 716 πολιτῶν
731 650 768 716 ἐν
796 650 917 736 μηθενὶ
946 651 1080 738 γένηται

64 761 143 842 μήτε
171 768 328 841 γενναῖον
355 752 428 840 μήτ’
454 754 622 841 ἀνδρῶδες
649 758 820 842 φρόνημα,
847 766 956 823 πᾶσαν
979 757 1078 843 ἐνθη·
1105 786 1118 827 ι

10 869 164 930 mamm
195 873 267 939 ταῖς
298 861 442 944 ἀγωγαῖς
472 862 534 945 την
565 859 825 947 ἐπιτρεφομένην
857 866 995 947 νεότητα
1021 873 1079 948 τῆς

63 972 190 1046 πόλεως
219 967 393 1052 ἐπεβάλετο
424 966 552 1033 ἀνελὼν
582 963 644 1051 μὲν
672 969 712 1033 τά
741 969 908 1052 γυμνάσια
936 968 992 1035 καὶ
1021 972 1079 1048 τὰς

65 1075 240 1152 ἐνοπλίους
257 1064 403 1157 μελέτας,
421 1072 562 1151 ἀλλάξας
580 1070 695 1158 δὲτὴν
715 1075 856 1158 δίαιταν,
874 1068 896 1160 ᾗ
913 1079 1078 1161 πρότερον

64 1183 99 1247 ολ
119 1182 234 1258 παῖδες
257 1179 409 1267 ἐχρῶντο.
445 1188 552 1264 κομῶν
573 1203 608 1245 τε
631 1181 692 1265 γάρ
711 1183 790 1256 τοὺς
807 1180 949 1266 ἀρρενας
967 1182 1113 1267 ὥσπερ4

64 1288 120 1364 τὰς
140 1285 331 1373 παρθένους
350 1284 520 1352 ἐκέλευσεν
539 1283 815 1370 ἐξανθιζομένους
831 1284 887 1350 καὶ
905 1289 1077 1371 βοστρυχι-
1092 1316 1118 1355 10

65 1391 222 1477 ζομένους
243 1391 299 1458 καὶ
321 1392 541 1477 κεκρυφάλοις
562 1393 620 1469 τάς
641 1393 849 1475 πλοκαμίδας
871 1389 1079 1469 ἀναδοῦντας

63 1498 247 1564 ἐνδύεσθαί
266 1521 300 1563 τε
322 1501 494 1575 ποικίλους
515 1497 571 1563 καλ
593 1499 748 1582 ποδήρεις
770 1502 1001 1583 χιτωνίσκους,
1023 1497 1078 1563 καὶ

62 1605 247 1689 χλανιδίοις
268 1602 472 1689 ἀμπέχεσθαι
495 1609 625 1680 λεπτοῖς
647 1601 703 1668 καὶ
725 1609 895 1689 μαλακοῖς,
916 1603 971 1670 καί
993 1605 1077 1670 δίαι-

62 1733 122 1774 ταν
156 1711 243 1795 ἔχειν
275 1709 339 1775 ὑπὸ
372 1721 492 1786 σκιαῖς·
529 1709 741 1793 ἠκολούθουν
769 1706 797 1773 τ’
825 1711 937 1788 αὐτοῖς
964 1713 1011 1788 είς
1037 1713 1077 1777 τά

63 1817 278 1880 διδασκαλεῖα
297 1826 364 1880 τῶν
383 1815 553 1901 ὀρχηστῶν
572 1813 626 1879 καὶ
645 1815 797 1900 αὐλητῶν
815 1814 870 1882 καὶ
887 1829 955 1883 τῶν
972 1839 1076 1905 παρα·
1090 1844 1116 1885 ιι

61 1925 213 2006 πλησίων
239 1922 369 1998 τούτοις
391 1920 648 2006 μουσοκολάκων
669 1926 980 2008 παραπορευόμεναι
1002 1945 1077 1988 παι·
1127 1986 1132 1997 ,

61 2026 210 2111 δανωχοὶ
232 2038 386 2110 γυναῖκες
404 2028 553 2092 σκιάδεια
571 2026 626 2092 καὶ
645 2028 779 2112 ῥιπίδας
795 2032 1000 2113 κομίζουσαι,
1021 2027 1077 2093 καὶ

62 2136 183 2199 ἔλουον
206 2133 327 2210 αὐτοὺς
348 2128 446 2198 αὗται
467 2130 582 2210 κτένας
604 2135 651 2210 είς
672 2134 712 2198 τά
733 2137 892 2217 βαλανεῖα
914 2132 1077 2220 φέρουσαι

10 2238 118 2307 ,333καὶ
146 2240 263 2324 μύρων
290 2237 516 2325 ἀλαβάστρους
542 2237 598 2303 καί
624 2240 797 2325 κάτοπτρα.
842 2240 976 2325 τοιαύτη
1005 2241 1112 2306 δια-5

59 2348 216 2430 φθείρων
238 2343 350 2429 ἀχωχη
373 2347 451 2421 τοὺς
472 2346 608 2428 παῖδας,
631 2343 691 2421 ἕως
714 2344 969 2430 ἐκπληρώσωσιν
991 2347 1075 2410 είκο-
1089 2374 1116 2415 νο

60 2454 143 2516 στὸν
162 2451 246 2534 ἔτος,
268 2452 327 2516 τὸν
345 2448 409 2516 ἀπὸ
428 2451 527 2517 τούδε
546 2453 668 2536 χρόνον
687 2454 734 2527 είς
752 2451 877 2537 ἀνδρας
895 2457 947 2516 εία
959 2457 1075 2517 τελεῖν.

59 2557 168 2622 πολλὰ
196 2552 234 2621 δὲ
261 2546 316 2622 καὶ
343 2557 426 2622 ἀλλα
449 2560 613 2640 Κυμαίοις
640 2556 817 2643 ἐνυβρίσας
843 2555 898 2622 καὶ
926 2558 1076 2642 λωβησά-

60 2685 162 2746 μενος
183 2660 239 2727 καὶ
262 2658 332 2727 οὔτ’
355 2661 525 2752 ἀσελγείας
544 2659 612 2728 οὔτ’
635 2662 800 2747 ὠμότητος
819 2664 976 2747 οὐδεμιᾶς
994 2662 1075 2726 ἀπο·

60 2772 233 2854 σχόμενος,
262 2766 309 2834 ὅτ’
337 2766 493 2853 ἀσφαλῶς
518 2766 667 2855 κατέχειν
693 2768 904 2853 ὑπελάμβανε
931 2768 991 2851 την
1018 2790 1074 2831 τυ-

59 2875 218 2960 ραννίδα,
248 2877 384 2960 χηραιὸς
415 2875 463 2939 ὢν
495 2875 559 2958 ἤδη
592 2877 686 2952 δίκας
718 2878 825 2940 ἔτισεν
857 2874 897 2940 ού
929 2873 1074 2957 μεμπτὰς
1088 2898 1113 2939 ω
1180 2861 1182 2864 ⁴

58 2986 154 3057 θεοῖς
174 3003 210 3044 τε
233 2978 290 3045 καὶ
312 2980 506 3066 ἀνθρώποις
527 2983 702 3067 πρόρριζος
725 2980 938 3063 ἀπολόμενος.

129 3134 356 3209 4μηθεν<λ>Β
417 3133 649 3208 8δί<αι>τανΒ
712 3142 744 3190 10
764 3131 907 3190 ἐκέλευσεν
926 3129 1073 3201 ἐξανθιζο-

57 3205 158 3277 μένους
173 3206 197 3261 Ο
216 3203 343 3262 ἐκέλευσε
363 3203 583 3276 ξανθιζομένονς
601 3223 623 3262 ο.
640 3205 801 3275 Stephanus
852 3211 884 3258 12
904 3225 933 3259 τε
948 3204 996 3259 καὶ
1010 3227 1073 3260 ποι-

57 3281 151 3341 κίλους
170 3279 193 3332 Β
252 3283 286 3332 14
302 3277 353 3340 τὰς
370 3279 555 3339 διδασκαλίας
572 3276 674 3331 ABac
693 3276 743 3339 τδις
761 3278 959 3339 διδασκαλείας
972 3275 1019 3330 Bb
1038 3276 1073 3331 τδι

56 3351 243 3405 διδασκαλεῖα
261 3347 287 3400 D
347 3354 380 3402 18
404 3349 525 3422 βαλανία
544 3346 590 3400 Ba
648 3353 682 3402 20
706 3347 743 3410 ὡς
760 3346 807 3400 Ba
831 3350 835 3417 1
861 3343 1072 3419 ἐκπληρώσωσιν

56 3422 99 3476 Ba
117 3417 346 3491 ἐκπληράσονσιν
364 3419 390 3472 Β,
