2424 3848
561 175 725 224 ..Η-

138 340 236 422 βαιόν
257 359 292 401 τε
314 332 370 401 καὶ
400 333 639 419 ἀμετακίνητον
663 333 699 400 έν
726 346 795 411 τοῖς
821 341 967 420 κριθεῖσι
995 333 1050 400 καλ
1073 335 1154 401 ούτε

138 446 235 532 φόβφ
266 448 398 509 είκοντα
427 442 504 507 ούτε
534 441 666 527 χάρισιν
693 440 1049 526 ὑποκατακλινόμενον.
1101 440 1154 508 ἀεὶ

138 550 202 634 γάρ
240 547 385 614 ἐπαινῶν
417 547 518 613 αὐτὸν
549 545 604 612 καλ
641 547 821 632 θαυμάζων
854 549 992 613 διατελῶ
1024 558 1084 614 τοῦ
1118 572 1154 614 τε

139 659 306 741 φρονίμου
324 652 379 720 καὶ
398 664 456 739 τῆς
473 658 715 739 γενναιότητος,
737 654 779 738 ἣν
798 656 886 740 παρδι
903 656 943 720 τδι
962 655 1057 720 δεινά
1075 656 1153 740 ἔχει.

116 763 278 846 εχνώμην
306 758 333 827 τ’
360 761 421 847 οὑχ
450 758 580 847 ἑτέραν,
608 761 692 827 ἀλλὰ
719 759 773 826 καὶ
800 761 898 837 αὐτὸς
925 763 1048 845 ταύτην
1072 760 1154 828 ἀπο-

144 870 328 953 δείκνυμαι,
352 870 452 954 μικρά
472 870 521 934 ἔτι
538 865 699 955 προσθεὶς
722 867 815 953 αὐτή,
838 868 859 933 ά
878 891 935 952 μοι
952 873 1154 954 παραλιπεῖν

101 973 272 1052 2’Ἁππιος
299 974 417 1042 ε’δόκει.
451 973 609 1061 Ἕρνικας
636 970 696 1058 μὲν
724 975 787 1061 γάρ
815 972 871 1041 καὶ
893 979 1074 1060 Λατίνους,
1103 964 1210 1054 οἷςισε

53 1092 55 1095 ’
139 1078 260 1148 νεωστὶ
284 1082 474 1166 δεδώκαμεν
497 1083 558 1166 τήν
581 1082 815 1164 ἰσοπολιτείαν,
840 1078 911 1146 οὐδ’
939 1081 1038 1159 αὐτὸς
1061 1078 1155 1168 οἶμαι

142 1190 213 1254 δεῖν
232 1193 430 1273 κληρουχεῖν
448 1187 488 1253 τὰ
507 1185 656 1273 ἡμέτερα.
693 1186 734 1252 οὑ
752 1187 826 1272 γάρ,
846 1185 878 1265 ἑξ
897 1182 939 1253 οὑ
956 1194 1155 1273 προσῆλθον

101 1323 127 1362 ιο
141 1296 188 1370 είς
209 1295 271 1378 τήν
294 1297 410 1379 φιλίαν
432 1293 525 1377 ἡμῖν,
546 1294 670 1377 ταύτην
693 1294 754 1376 τήν
776 1302 840 1378 χήν
861 1294 1060 1378 κτησάμενοι
1083 1297 1155 1382 ἔχο-

142 1423 219 1484 μεν,
260 1398 344 1465 ἀλλά
384 1401 584 1483 παλαίτερον
622 1400 670 1463 ἔτι
710 1409 779 1476 τοῖς
815 1396 942 1465 ἑαυτῶν
982 1402 1156 1480 κινδύνοις

143 1507 286 1582 οὐθενὸς
308 1505 413 1570 άλλου
435 1505 756 1590 προσωφελήσαντος
778 1504 978 1591 ἀφελόμενοι
1000 1509 1080 1585 τοὺς
1103 1508 1155 1594 έχ-

32 1610 34 1616 ’
142 1613 255 1698 θρούς.
298 1609 556 1696 ἀποκρινώμεθά
573 1607 602 1675 τ’
624 1611 747 1695 αὐτοῖς,
766 1612 817 1677 ὅτι
835 1613 892 1689 τὰς
910 1609 971 1696 μέν
989 1617 1155 1700 πρότερον

142 1718 355 1803 ὑπαρχούσας
381 1716 462 1800 ἡμῖν
489 1719 633 1800 κτήσεις,
663 1717 741 1794 ὅσας
769 1716 899 1784 ἕκαστοι
926 1724 1071 1805 είχομεν,
1100 1721 1154 1787 ὅτε

102 1851 127 1892 15
141 1825 204 1908 τήν
226 1826 341 1908 φιλίαν
369 1819 628 1906 συνετιθέμεθα,
656 1824 743 1900 ι’δίας
769 1846 804 1889 τε
830 1821 887 1889 καὶ
913 1822 1156 1909 ἀναφαιρέτους

143 1928 292 2007 ἑκάστοις
312 1930 369 1993 δεῖ
384 1927 509 2013 μένειν,
532 1928 621 1994 ὅσον
640 1926 671 1994 δ’
692 1930 746 2013 άν,
769 1927 826 2015 ἀφ’
849 1926 890 1996 οὗ
907 1931 965 2008 τδς
983 1935 1156 2016 συνθήκας

142 2037 384 2121 ἐποιησάμεθα,
412 2045 507 2121 κοινή
536 2037 790 2121 στρατεύσαντες
817 2037 853 2103 έκ
874 2036 1021 2122 πολέμου
1044 2042 1156 2128 κύριοι

141 2145 334 2229 γενώμεθα,
371 2143 497 2208 τούτων
536 2142 673 2228 ὑπάρξει
710 2145 748 2210 τὸ
789 2143 967 2228 ἐπιβάλλον
1007 2141 1156 2224 ἑκάστοις

108 2251 250 2336 3λάχος.
305 2259 407 2315 ταῦτα
435 2249 498 2334 γάρ
526 2249 602 2315 ούτε
629 2261 698 2326 τοῖς
730 2251 913 2336 συμμάχοις
945 2251 989 2328 ὡς
1020 2250 1156 2318 ἀδικου-

103 2386 130 2426 εο
144 2355 256 2441 μένοις
275 2358 375 2440 ἀρχῆς
392 2354 524 2442 παρέξει
544 2357 671 2434 δικαίας
688 2357 880 2442 προφάσεις,
898 2356 975 2424 οὑτε
994 2367 1039 2446 τῷ
1060 2361 1155 2449 δήμφ

144 2461 235 2546 δέος,
265 2464 308 2547 μή
333 2461 413 2548 δόξη
435 2462 476 2526 τά
498 2464 742 2551 κερδαλεώτερα
764 2467 828 2550 πρὸ
851 2475 919 2530 τῶν
941 2464 1156 2550 εὐπρεπεστέ-

144 2595 212 2656 ρων
240 2571 418 2655 αἱρεῖσθαι.
463 2577 502 2654 τῇ
529 2592 564 2634 τε
587 2568 711 2655 αίρέσει
733 2582 801 2636 τῶν
824 2569 973 2657 ἀνδρῶν,
1002 2572 1062 2648 οὑς
1075 2569 1156 2638 ’Ἁπ-

143 2699 218 2754 πιος
240 2675 334 2761 ήξίου
358 2676 491 2758 ὁριστὰς
518 2674 675 2760 γενέσθαι
702 2686 759 2762 τής
782 2679 943 2761 δημοσίας
964 2687 1039 2763 γῆς,
1067 2681 1156 2746 πάνυ

143 2784 280 2849 εὐδοκῶ.
321 2783 449 2865 πολλήν
466 2783 530 2868 γὰρ
549 2782 629 2867 ἡμῖν
653 2781 744 2849 τοῦτ’
767 2790 852 2851 οίσει
868 2770 1056 2870 παρρησίαν
1074 2788 1157 2868 πρὸς

105 2917 130 2958 εε
144 2892 221 2967 τοὺς
244 2888 453 2974 δημοτικούς,
477 2886 546 2954 ε’πελ
564 2897 629 2954 νῦν
647 2887 677 2974 γ’
701 2891 862 2975 άχθονται
880 2887 950 2956 κατ’
973 2890 1210 2978 ἀμφότεραμσε·

144 2994 198 3062 καλ
226 2997 277 3061 ὅτι
305 2992 401 3061 αὐτοὶ
427 3007 494 3059 τῶν
522 2995 692 3078 δημοσίων
721 2993 825 3061 οὑθὲν
853 2996 1060 3064 ἀπολαύουσι
1081 3023 1158 3083 κτη-

216 3160 232 3207 3
252 3147 376 3207 ἐπαινῶν
395 3150 444 3205 κοιλ
461 3150 616 3220 θαυμάζων
635 3151 722 3206 αὑτὸν
740 3152 763 3205 Β
825 3157 840 3206 5
859 3153 977 3225 ταύτην]
996 3154 1049 3224 τὴν
1068 3156 1158 3225 αὑτὴν

145 3242 169 3280 ο.
187 3224 291 3279 Reiske
364 3230 379 3278 ῖ
399 3218 529 3277 έδύκειΟ
549 3223 633 3277 δοκεῖ
646 3240 670 3278 c.
689 3223 810 3294 Sylburg
884 3232 915 3278 13
934 3225 1160 3297 ἀποκρινώμεθα

144 3294 191 3349 Ba
209 3295 425 3366 ἀποκριναίμεθα
440 3295 464 3347 R
477 3294 700 3364 ἀποκρινώμεθα
713 3294 749 3364 δή
764 3312 788 3351 ο.
802 3294 910 3364 Kayser
923 3295 995 3352 Ann.
1005 3296 1076 3366 phil.
1089 3305 1159 3355 1868

145 3385 172 3434 p.
188 3372 239 3420 816
312 3373 346 3420 20
365 3364 532 3436 προφάσεις]
551 3366 694 3435 πρόφασιν
718 3382 741 3421 c.
761 3367 851 3422 Cobet
869 3367 935 3423 obs.
954 3373 1049 3436 P·1⁷⁰
1124 3377 1159 3426 21

146 3437 374 3507 εδπρεπεστάτον
394 3436 416 3491 0
436 3453 505 3492 corr.
525 3435 647 3506 Sylburg
