2424 3848
127 182 191 246 142
548 181 716 230 -Η-

125 344 259 429 ηγάσδη
282 344 343 427 την
365 343 502 426 γνώμην
520 340 539 406 δ
562 342 701 425 Τύλλος,
722 338 778 406 καὶ
800 322 837 408 τὸ
861 343 1065 430 δραστήριον
1086 355 1149 411 τοῦ

126 449 250 537 ἀνδρὸς
277 450 374 528 είδὼς
400 447 456 514 καὶ
484 443 634 531 ἐπιτυχὲς
661 447 839 534 ἐπέτρεψεν
863 447 978 539 ἐκείνην
1002 459 1061 534 τῆς
1083 449 1147 529 ἐξω

126 566 280 642 στρατιᾶς
303 559 426 642 ἄρχειν.

192 662 303 728 XIIII.
329 660 396 727 Καὶ
415 661 433 727 ὁ
451 662 605 746 Μάρκιος
628 657 734 727 ούθέν
757 663 804 726 ἔτι
824 663 1047 748 διαμελλήσας
1064 658 1183 748 ἧκενιῖ

99 770 220 853 εάγων
237 770 299 853 την
318 769 463 860 δύναμιν
481 763 534 832 ἐπὶ
553 769 719 851 Κιρκαίαν
736 769 848 851 πόλιν,
868 767 906 833 ἐν
923 761 945 855 ᾗ
964 773 1147 856 κληροῦχοι

120 874 288 960 Ῥωμαίων
310 871 396 959 ἦσαν
419 875 487 957 ἀμα
509 883 578 950 τοῖς
596 872 785 958 ἐπιχωρίοις
801 877 1067 961 πολιτευόμενοι,
1090 876 1148 943 καὶ

124 981 376 1069 παραλαμβάνει
398 981 460 1064 την
481 981 581 1044 πόλιν
605 977 638 1057 ἐξ
661 978 797 1063 ἐφόδου.
836 980 881 1057 ὡς
903 981 966 1066 γὰρ
990 984 1146 1065 ἔγνωσαν

125 1089 161 1154 οί
181 1091 336 1173 Κιρκαῖοι
364 1084 593 1172 κρατουμένην
620 1096 717 1170 σφῶν
744 1086 806 1170 τὴν
828 1089 940 1173 χώραν
963 1086 1019 1153 καὶ
1042 1107 1147 1174 προσ-

124 1195 274 1278 ἀγουσαν
296 1202 341 1282 τῷ
364 1198 465 1277 τείχει
482 1194 544 1277 την
563 1193 731 1277 στρατιάν,
753 1192 944 1272 ἀνοίξαντες
961 1195 1020 1271 τὰς
1036 1197 1146 1275 πύλας

84 1322 110 1361 10
125 1298 263 1387 ἐξῄεσαν
286 1301 387 1384 ὁμόσε
410 1310 479 1376 τοῖς
502 1302 672 1382 πολεμίοις
694 1300 834 1365 ἄνοπλοι
857 1305 1064 1386 παραλαβεῖν
1083 1305 1145 1388 τὴν

123 1410 223 1473 πόλιν
246 1407 428 1484 ἀξιοῦντες·
453 1405 533 1490 ὅπερ
557 1404 669 1482 αὐτοῖς
691 1411 876 1471 αἴτιοντοῦ
894 1403 1000 1490 μηδὲν
1017 1415 1145 1475 παθεῖν

89 1519 109 1582 2
124 1513 307 1597 ἀνήκεστον
326 1510 465 1594 ἐγένετο.
498 1513 575 1577 ούτε
592 1512 656 1596 γὰρ
675 1511 785 1578 αὐτῶν
803 1511 995 1579 ἀπέκτεινεν
1011 1514 1029 1580 ὁ
1045 1531 1144 1602 στρα-

123 1621 222 1704 τηγὸς
250 1616 389 1700 οὐδένα,
417 1615 485 1682 οὔτ’
515 1616 672 1700 ἐξήλασεν
700 1617 735 1683 ἐκ
762 1627 820 1702 τῆς
842 1622 981 1698 πόλεως·
1015 1620 1143 1706 ἐσθῆτα

124 1723 161 1791 δὲ
188 1734 258 1801 τοῖς
285 1726 498 1809 στρατιώταις
525 1722 580 1789 καὶ
607 1725 732 1810 τροφὰς
759 1727 807 1801 είς
834 1734 923 1810 μῆνα
948 1727 1064 1805 ίκαυάς
1086 1727 1142 1794 καὶ

83 1851 109 1892 15
123 1831 285 1918 ἀργύριόν
307 1854 339 1894 τι
361 1829 495 1917 με’τριον
518 1831 631 1914 λαβὼν
654 1829 758 1914 ἀπῆγε
777 1831 838 1914 την
857 1833 1003 1916 δύναμιν
1021 1833 1142 1920 ὀλίγην

122 1949 244 2025 μοῖραν
272 1937 309 2003 ἐν
335 1947 374 2022 τῇ
401 1940 495 2003 πόλει
522 1937 712 2003 καταλιπὼν
735 1945 793 2021 τῆς
815 1935 842 2002 τ’
867 1937 1051 2023 ἀσφαλείας
1073 1951 1141 2007 τῶν

122 2045 344 2111 ἐνοικούντων
364 2044 469 2128 ἕνεκα,
493 2047 537 2129 μη
555 2067 587 2109 τι
605 2043 671 2109 ὑπὸ
685 2040 855 2128 Ῥωμαίων
873 2045 1006 2111 πάθωσι
1025 2051 1141 2132 κακόν,

87 2150 177 2218 3καὶ
198 2161 259 2217 τοῦ
281 2146 388 2234 μηδὲν
409 2150 550 2236 ύστερον
573 2154 777 2236 νεωτερίσαι.
815 2153 863 2228 είς
881 2148 919 2217 δὲ
936 2152 998 2235 την
1011 2150 1140 2239 Ῥώμην

121 2257 167 2335 ὡς
189 2255 337 2340 ἠγγέλθη
360 2257 401 2321 τὰ
423 2259 586 2341 γενόμενα
608 2260 695 2322 πολύ
717 2260 841 2322 πλείων
861 2260 986 2344 ταραχὴ
1004 2258 1060 2325 καὶ
1077 2265 1140 2327 θό-

82 2385 108 2424 εο
122 2367 225 2450 ρνβος
250 2357 294 2447 ἦν
321 2373 388 2427 τῶν
415 2359 477 2446 μὲν
503 2367 686 2448 πατρικίων
709 2365 767 2428 τὸν
791 2364 898 2448 δῆμον
922 2363 1068 2450 ἐχόντων
1091 2365 1136 2432 δι’

121 2472 238 2553 αίτίας,
261 2468 313 2534 ὅτι
335 2470 537 2554 πολεμιστὴν
560 2471 668 2554 ἀνδρα
686 2468 742 2535 καί
761 2470 964 2556 δραστήριον
981 2470 1038 2536 καὶ
1055 2497 1138 2560 φρο-

120 2577 266 2662 νήματος
296 2575 455 2658 εὐγενοῦς
486 2576 607 2660 μεστὸν
638 2577 759 2655 ψευδεῖ
787 2580 1022 2662 περιβαλόντες
1049 2581 1138 2668 αίτίᾳ

120 2692 178 2768 τῆς
200 2686 327 2760 πόλεως
348 2680 521 2766 ἀπήλασαν
543 2679 599 2746 καὶ
616 2684 866 2768 παρεσκεύασαν
883 2684 1032 2768 ἡγεμόνα
1051 2686 1138 2752 Ούο-

85 2792 275 2866 4λούσκοις
301 2786 474 2871 γενέσθαι·
504 2799 572 2854 τῖον
596 2785 633 2854 δέ
660 2792 911 2874 προεστηκότων
937 2801 999 2857 τού
1028 2794 1137 2877 δήμου

81 2915 107 2956 ετ
120 2898 317 2982 κατηγορίας
343 2903 404 2961 τοῦ
427 2896 607 2982 συνεδρίου
628 2894 840 2981 ποιουμένων
862 2895 918 2962 καὶ
941 2899 977 2963 τὸ
999 2908 1183 2985 πρᾶγμαιίᾶ

120 3003 201 3069 όλον
219 3001 253 3081 ἐξ
272 3000 451 3085 ἐπιβουλῆς
467 2998 522 3066 ὑπ’
541 3000 678 3068 ἐκείνων
691 3003 953 3068 κατεσκευάσθαι
967 3008 1134 3087 λεγόντων

191 3237 207 3283 2
228 3225 355 3299 ἐπιτυχὲς
372 3235 433 3292 ταῖς
428 3228 554 3353 Κμύχαις
572 3229 624 3285 ΑΟ
643 3213 706 3292 ταῖςο
722 3229 825 3300 μάχαις
843 3247 897 3285 om.
916 3230 939 3284 Β
997 3238 1031 3288 10
1050 3232 1132 3303 ὁμόσε

119 3306 177 3362 τοῖς
195 3302 337 3371 πολεμίοις
356 3300 410 3355 del.
455 3300 573 3371 lessling
642 3308 675 3355 12
694 3295 849 3374 ἐγ<ε>νετο
867 3302 893 3354 A
958 3309 992 3358 13
1012 3298 1132 3374 ἐσθῆτας

119 3370 170 3425 AC
243 3378 276 3426 15
299 3392 327 3426 τι
345 3369 456 3442 μέτριον
480 3375 578 3427 om.A
649 3379 683 3426 22
707 3371 903 3447 ψευδ<εῐ>Β
977 3379 1011 3428 23
1036 3371 1132 3448 ἕκτης

141 3440 209 3497 obet
227 3442 292 3497 obs.
311 3461 337 3513 p.
354 3447 405 3497 168

61 3441 173 3630 :I
