2424 3848
545 153 712 202 ..Η-

121 337 216 398 τουν,
238 314 315 380 οὑτε
337 315 376 379 τὸ
398 315 592 398 καρτερικὸν
615 311 670 377 καλ
692 316 902 398 ταλαίπωρον
925 312 962 378 ἐν
985 325 1055 391 τοϊς
1078 318 1139 380 πό-

122 445 195 498 νοις
219 422 275 486 διδι
293 424 427 487 πολλῶν
446 417 634 504 ἠσκημένον
652 419 794 503 ἀγώνων
812 419 994 503 ἐπεκράτει·
1013 422 1053 486 τά
1072 422 1140 508 γάρ

124 527 208 592 αὑτά
237 525 293 592 καὶ
321 525 397 612 περὶ
429 529 507 604 τοὺς
540 530 719 611 πολεμίους
747 521 806 612 ἦν,
840 525 873 605 ἐξ
908 522 948 592 οὑ
978 527 1140 613 Μάρκιον

123 633 269 718 ἡγεμόνα
292 630 460 718 Ῥωμαίων
491 633 531 699 οὐ
563 635 622 699 τὸν
654 630 881 719 ἀφανέστατον
911 634 1140 719 στρατηλάτην

97 742 235 826 εέσχον·
255 737 327 805 ἀλλ’
348 738 501 826 ἀντεῖχον
520 737 667 825 ἑκάτεροι
685 749 742 825 της
759 742 878 826 χώρας,
897 739 934 805 έν
953 733 973 826 ᾗ
993 743 1030 806 τὸ
1049 752 1141 824 πρῶ-

90 854 184 919 3τον
211 849 352 930 ἔστησαν
380 846 440 932 οὐχ
467 845 652 931 ὑφιέμενοι.
702 848 812 912 ἔπειτα
843 848 926 912 κατά
957 849 1078 932 μικρὸν
1107 849 1144 914 οί

126 953 335 1020 Οὐολοῦσκοι
361 953 558 1038 ὑπεχώρουν
589 951 625 1017 έν
652 955 765 1040 κόσμῳ
792 976 828 1018 τε
854 951 910 1018 καὶ
932 951 1021 1031 τάξει
1045 955 1141 1040 δεχό-

126 1083 220 1144 μενοι
242 1062 320 1138 τοὺς
341 1056 530 1145 Ῥωμαίους.
576 1062 786 1144 στρατήγημα
816 1056 853 1125 δέ
881 1053 969 1125 τοῦτ’
995 1054 1055 1144 ἦν,
1082 1062 1141 1126 ἵνα

126 1167 336 1232 διασπάσωσί
355 1163 384 1232 τ’
406 1166 516 1232 αὐτῶν
534 1167 592 1243 τάς
612 1164 717 1244 τάξεις
735 1165 790 1231 καὶ
814 1165 846 1245 ἐξ
870 1165 1068 1252 ὑπερδεξιοῦ
1086 1166 1142 1250 γέ-

87 1297 113 1337 10
125 1297 248 1339 νωυται
271 1276 405 1359 χωρίου.

192 1378 354 1445 LXXXV.
398 1381 443 1444 Οί
463 1376 493 1444 δ’
514 1379 738 1463 ὑπολαβόντες
756 1378 877 1455 αὐτοὺς
898 1380 1013 1465 ἀρχειν
1032 1388 1142 1464 φυγῆς

126 1486 340 1573 η’κολούθουυ
366 1486 475 1570 βάδην
497 1481 559 1570 μέν
582 1485 717 1552 ἀπιοῦσι
743 1484 799 1551 καὶ
822 1482 917 1552 αὐτοὶ
941 1488 1005 1550 σὺν
1026 1488 1204 1576 κόσμῳιιιι

128 1592 296 1678 ἑπόμενοι,
318 1591 431 1676 ἐπειδὴ
455 1589 493 1657 δέ
516 1593 629 1680 δρόμῳ
652 1600 843 1679 χωροῦντας
863 1590 917 1657 ἐπὶ
935 1593 995 1657 τὸν
1012 1591 1142 1678 χάρακα

128 1698 330 1784 ἐθεάσαντο,
363 1702 476 1787 ταχείᾳ
510 1697 565 1763 καὶ
596 1697 691 1764 αὐτοὶ
720 1700 831 1778 διώξει
860 1696 916 1764 καὶ
948 1697 1142 1789 ἀσυντάκτῳ

90 1827 116 1868 15
129 1807 303 1892 χρώμενοι.
353 1807 389 1871 οί
414 1802 452 1870 δέ
480 1806 521 1889 δη
551 1808 737 1871 τελευταῖοί
764 1828 799 1870 τε
827 1803 881 1869 καὶ
909 1805 1144 1890 ὀπισθοφυλα-

107 1911 265 1990 κοῦντες
287 1915 381 2000 λόχοι
402 1913 541 1999 νεκρούς
563 1908 591 1976 τ’
619 1910 814 1996 ἐσκύλευον,
842 1911 886 1988 ὑς
908 1915 1144 1996 κεκρατηκότες

128 2020 193 2103 ἤδη
216 2030 283 2085 τῶν
305 2022 484 2104 πολεμίων,
507 2016 562 2084 καλ
586 2015 636 2103 ἐφ’
662 2016 815 2104 ἀρπαγην
837 2025 896 2101 τῆς
918 2019 1027 2103 χώρας
1050 2017 1145 2106 ἐτρά-

94 2133 241 2196 2ποντο.
287 2129 452 2211 μαθόντες
475 2123 505 2190 δ’
529 2125 565 2191 οἱ
582 2125 791 2191 Οὐολοῦσκοι
813 2121 904 2191 ταῦτ’
931 2124 1020 2190 οἵτε
1041 2125 1145 2204 δόξαν

128 2236 352 2318 παρασχόντες
374 2240 497 2318 φυγῆς,
528 2230 642 2315 ἐπειδη
664 2242 734 2308 τοῖς
757 2230 896 2315 ἐρύμασι
919 2240 978 2297 τοῦ
1001 2232 1147 2318 χάρακος

92 2363 118 2401 ω
132 2338 349 2425 ἐπλησίασαν,
376 2337 642 2424 ὑποστραφέντες
668 2340 824 2422 ἔστησαν,
851 2336 907 2403 καὶ
934 2338 970 2402 οί
994 2345 1146 2404 καταλει-

130 2442 273 2529 φθέντες
300 2445 336 2511 ἐν
363 2455 408 2534 τῷ
436 2444 646 2535 στρατοπέδω
673 2447 731 2522 τάς
752 2445 859 2522 πάλας
882 2443 1147 2524 ἀναπετάσαντες

61 2626 63 2631 ,
132 2550 312 2637 ἐξέδραμον
335 2551 457 2638 ἀθρόοι
479 2553 561 2618 κατὰ
583 2552 690 2617 πολλά
714 2549 809 2637 μέρη·
832 2554 962 2635 γίνεταί
980 2548 1009 2615 τ’
1034 2551 1147 2618 αὑτῶν

131 2662 354 2742 παλίντροπος
376 2657 396 2742 ἡ
421 2657 520 2745 μάχη·
550 2658 586 2725 οί
610 2653 672 2743 μὲν
699 2659 762 2745 γάρ
791 2658 966 2734 διώκοντες
988 2659 1147 2743 ἔφευγον,

133 2765 168 2831 οί
193 2760 231 2829 δὲ
257 2765 437 2850 φεύγοντες
468 2764 619 2832 ἐδίωκον.
669 2767 754 2830 ἔνθα
785 2761 904 2830 πολλοὶ
934 2761 989 2829 καὶ
1022 2762 1147 2848 ἀγαθοὶ

93 2900 118 2940 25
126 2871 295 2956 Ῥωμαίων
322 2874 530 2956 θνήσκουσιν
559 2863 613 2937 οἷα
636 2872 724 2948 είκὸς
747 2871 936 2954 ὠθούμενοι
958 2873 1041 2937 κατά
1063 2895 1148 2957 πρα-

132 2988 212 3055 νοῦς
243 2982 369 3064 χωρίου
405 2977 460 3043 καὶ
496 2979 561 3044 ὑπὸ
600 2983 734 3043 πολλῶν
766 2977 874 3061 ὀλίγοι
909 2975 1148 3058 κυκλωθέντες.

98 3085 261 3169 3ἀδελφά
289 3081 326 3150 δέ
353 3085 483 3161 τούτοις
510 3086 669 3168 ἔπασχον,
696 3084 769 3148 ὅσοι
796 3082 879 3168 πρὸς
906 3081 1012 3147 σκῦλά
1033 3082 1149 3151 τεκαὶ

206 3284 221 3331 6
241 3274 271 3331 ολ
287 3277 351 3331 add.
370 3278 393 3331 Β
480 3283 495 3332 9
514 3273 663 3348 γένωνται]
683 3270 867 3346 έπιγένωνται
885 3276 934 3328 aut
953 3274 1150 3346 ἀγωνίσωνται

135 3364 158 3401 ο.
178 3347 299 3419 Sylburg
354 3355 387 3404 18
407 3345 436 3402 οί
453 3351 581 3403 ολοῦσκοι
599 3349 621 3400 Β
678 3354 712 3402 25
731 3345 963 3413 ἀποθνήσκουσιν
982 3363 1005 3402 ο.
1025 3347 1151 3404 Reudler

134 3418 224 3474 Ήτοο.
239 3419 300 3476 crit.
315 3439 342 3489 p.
359 3427 391 3475 15
446 3425 480 3474 27
495 3419 560 3489 περὶ
573 3422 660 3473 σκῦλα
676 3417 698 3472 0
718 3412 766 3472 ἐπὶ
778 3416 826 3472 vel
838 3417 909 3487 πρὸς
922 3421 1010 3472 σκῦλα
1025 3419 1150 3491 Sylburg
