2424 3848
132 159 198 224 338
555 159 721 212 -Θ-

132 322 218 407 μάχη
241 317 439 404 νικηθέντας
461 318 708 404 ἀπεληλυθέναι
730 323 808 397 τοὺς
829 323 1009 405 πολεμίους
1031 319 1069 385 έκ
1091 329 1148 406 τῆς

132 429 240 513 χώρας
270 427 395 510 αὐτῶν,
423 424 479 490 καὶ
508 427 669 511 μηδεμιᾶς
696 437 764 503 τοῖς
791 427 974 512 συμμάχοις
1001 428 1050 492 έτι
1075 428 1147 492 δεῖν

132 535 291 618 βοηθείας
312 533 393 597 κατά
416 534 453 598 τὸ
476 534 597 618 παρόν·
621 531 639 598 ὁ
663 529 776 615 μέντοι
794 532 943 608 Ναύτιος
966 528 1069 597 οῦδὲν
1092 527 1146 616 ἧτ-

132 662 203 722 τον,
221 637 335 722 ἐπειδη
354 638 394 703 τά
412 637 449 703 ἐν
466 646 505 722 τῇ
525 641 694 725 Τυρρηνίᾳ
711 638 885 723 πράγματα
903 644 1011 715 καλῶς
1030 643 1145 724 σφίσιν

93 733 315 845 85έχώρησευ,
345 742 438 826 ἐξῆγε
465 744 526 828 τὴν
555 743 720 828 στρατιάν.
770 741 924 827 ἐμβαλὼν
952 739 983 807 δ’
1010 746 1059 822 είς
1085 746 1147 829 την

134 850 358 915 Οὐολούσκων
380 850 492 935 χώραν
514 847 569 914 καὶ
592 849 720 932 πολλὴν
745 848 845 933 αὐτῆς
867 845 1050 926 διεξελθὼν
1074 853 1146 937 ἔρη-

132 979 196 1042 μον
219 953 411 1041 ἀφειμένην,
430 954 656 1041 ,ἀνδραπόδων
678 951 740 1039 μὲν
762 952 818 1020 καὶ
838 955 1058 1041 βοσκημάτων
1077 956 1144 1022 ὀλί-

131 1085 202 1145 γων
225 1062 314 1127 πάνυ
337 1061 530 1147 ἐκράτησεν,
559 1061 705 1147 ἀρούρας
727 1058 757 1125 δ’
780 1061 890 1126 αὐτῶν
913 1060 950 1126 έν
973 1061 1061 1147 ἀκμῇ
1084 1072 1144 1128 τοῦ

132 1170 226 1232 σίτου
249 1169 345 1243 ὄντος
368 1166 534 1252 ἐμπρήσας
555 1165 611 1233 καὶ
633 1168 717 1232 ἀλλα
735 1166 797 1233 οῦκ
819 1166 916 1250 ὀλίγα
934 1178 1001 1233 τῦν
1021 1167 1058 1234 έν
1072 1170 1144 1246 Ιτοῖς

92 1299 119 1340 ιο
132 1273 247 1358 ἀγροῖς
274 1273 507 1359 λωβησάμενος
534 1273 672 1351 οὐδενὸς
699 1273 799 1357 ὁμόσε
825 1283 1014 1360 χωροῦντος
1042 1274 1201 1359 ἀπηγειειι

132 1380 193 1463 τὴν
227 1380 399 1465 στρατιάν·
440 1388 542 1445 ταῦτα
576 1376 637 1464 μὲν
671 1377 725 1445 ἐπὶ
756 1380 883 1445 τούτων
914 1390 981 1445 τῶν
1011 1379 1145 1468 ἀνδρῶν

132 1486 292 1571 ἐπράχθη.

199 1591 349 1658 XXXVI.
379 1592 424 1657 Οί
440 1589 478 1657 δὲ
496 1591 726 1676 διαδεξάμενοι
744 1594 882 1670 τούτους
899 1593 1020 1660 ῦπατοι
1033 1588 1145 1670 Αὖλος

132 1696 286 1774 Μάλλιος
307 1694 362 1762 καὶ
385 1698 527 1775 Λεύκιος
551 1699 708 1783 Φούριος,
730 1697 963 1784 ψηφισαμένης
987 1708 1045 1784 τῆς
1067 1703 1144 1783 βου-

93 1830 118 1870 ιε
132 1807 191 1884 λῆς
209 1803 268 1866 τὸν
287 1801 400 1887 ἕτερον
419 1804 529 1870 αὐτῶν
548 1806 706 1889 στρατιάν
724 1803 778 1870 ἐπὶ
798 1804 1021 1882 Οὐιεντανοὺς
1039 1807 1144 1889 ἀγειν,

133 1907 362 1992 ἐκληρώσαντο
375 1908 451 1997 περὶ
468 1920 526 1996 τῆς
544 1909 673 1995 ἐξόδου,
689 1911 840 1999 καθάπερ
860 1912 973 1990 αὐτοῖς
991 1914 1072 1990 ἔθος
1091 1908 1143 1996 ἣν.

132 2011 188 2079 καὶ
217 2015 327 2099 λαχὼν
353 2015 508 2093 Μάλλιος
534 2014 627 2099 ἐξῆγε
654 2017 713 2094 τὰς
740 2018 897 2101 δυνάμεις
924 2018 981 2083 διά
1007 2017 1144 2102 ταχέων,

132 2118 188 2184 καὶ
209 2125 351 2205 πλησίον
373 2131 440 2187 τῶν
462 2126 630 2205 πολεμίων
651 2121 1019 2210 κατεστρατοπέδευσεν.
1057 2123 1093 2188 οί
1108 2119 1143 2188 δὲ

135 2226 332 2294 Οὐιεντανοὶ
355 2232 514 2315 τειχήρεις
535 2231 711 2314 γενόμενοι
732 2224 813 2306 τέως
834 2225 896 2313 μὲν
918 2228 1072 2313 ἀντεῖχον
1090 2227 1143 2294 καλ

92 2361 119 2402 ω
134 2334 407 2419 διεπρεσβεύοντο
433 2337 517 2421 πρός
543 2357 578 2399 τε
604 2335 662 2412 τάς
689 2337 790 2412 ἀλλας
816 2335 874 2411 τάς
896 2333 933 2400 έν
960 2339 1144 2422 Τυρρηνοῖς

132 2441 245 2516 πόλεις
275 2437 331 2504 καί
360 2442 443 2526 πρὸς
471 2443 550 2518 τοὺς
578 2439 698 2506 νεωστὶ
727 2443 1004 2527 συμμαχήσαντας
1033 2441 1144 2518 αὐτοῖς

133 2547 320 2630 Σαβίνους,
351 2548 513 2629 βοήθειαν
545 2544 715 2625 ἀξιοῦντες
743 2546 935 2613 ἀποστεῖλαι
964 2550 1060 2632 σφίσι
1089 2548 1143 2612 διά

91 2665 113 2728 2
132 2648 266 2735 ταχέων.
312 2651 356 2728 ὡς
379 2648 410 2716 δ’
435 2650 591 2719 ἁπάντων
614 2652 841 2738 ἀπετύγχανον
862 2652 919 2719 καὶ
940 2655 999 2732 τὰς
1020 2655 1144 2741 τροφάς

132 2755 403 2844 ἀπαναλώκεσαν,
419 2757 485 2824 ὑπὸ
502 2767 560 2844 τῆς
573 2759 718 2845 ἀνάγκης
733 2763 806 2842 [τοῦ
819 2764 932 2846 λιμοῦ]
948 2758 1143 2844 βιασθέντες

92 2893 118 2933 τε
133 2863 276 2949 ἐξῆλθον
294 2863 339 2941 ὡς
355 2866 416 2930 τὸν
432 2864 573 2949 ὕπατον,
595 2866 758 2953 ίκετηρίας
775 2864 934 2953 φέροντες
952 2867 988 2932 οί
1001 2868 1144 2952 πρεσβύ-

132 2973 227 3036 τατοί
249 2966 279 3035 τ’
306 2969 416 3036 αῦτῦν
438 2968 494 3036 καὶ
515 2972 719 3057 τιμιώτατοι,
743 2971 819 3058 περί
840 2973 1050 3051 καταλύσεως
1072 2975 1143 3038 δεύ-

202 3193 301 3253 4έπελ
318 3198 341 3252 Β
361 3199 366 3269 Ι
386 3205 419 3270 τῇ
439 3198 541 3256 adm}
630 3197 743 3254 8πάνυ
762 3199 869 3255 add.B
922 3168 990 3256 ι14
1010 3201 1143 3271 φρούριος

130 3269 184 3326 ΑΒ
203 3271 233 3323 et
251 3285 335 3340 saepe
399 3277 433 3325 16
451 3263 487 3339 ἦν
507 3267 575 3333 ἔθος
592 3270 615 3324 Β
678 3275 713 3325 20
731 3270 985 3345 διεπρεσβεύον<το
1004 3271 1075 3342 πρός
1091 3270 1142 3394 τερ

131 3339 179 3393 Bb
199 3356 232 3393 ex
250 3356 320 3397 corr.
428 3347 462 3396 22
481 3341 644 3397 ἀποστεῖλαι
663 3359 717 3397 om.
735 3341 761 3395 A
868 3349 903 3396 24
920 3349 970 3398 τοῦ
989 3346 1070 3413 λιμοῦ
1089 3341 1142 3396 de.

131 3408 274 3480 Kiessling
630 3416 633 3422 “
