2378 3840
504 168 670 217 -Η-
817 181 824 195 ·
1028 164 1091 230 161

78 325 108 394 δ’
140 327 163 412 ἡ
194 330 352 394 Λατίνων
384 323 440 392 καὶ
470 337 538 393 τῶν
569 327 681 392 άλλων
712 327 894 413 συμμάχων
931 327 987 411 <τε
1018 325 1094 412 καί)

78 433 229 500 ἀποίκων
245 442 305 518 τῆς
322 433 448 509 πόλεως
467 433 570 518 ίσχύς,
593 431 636 516 ἣν
654 432 770 515 ὀλίγου
788 442 898 498 πᾶσαν
917 430 1094 520 ἐπίκουρον
1144 522 1147 526 Α

77 541 171 625 ἥξειν
188 538 389 627 προσδέχου·
409 542 589 624 στρατηγοί
602 563 638 606 τε
657 531 726 617 οἷος
745 543 787 605 σὺ
804 537 860 605 καί
877 540 1095 627 πρεσβύτεροι

79 646 143 714 καί
160 646 234 714 νέοι
261 656 414 714 τοσοῦτοι
440 649 479 714 τὸ
506 651 650 731 πλῆθος,
678 646 752 712 ὅσοι
777 648 867 732 παρά
893 647 1011 725 πάσαις
1034 647 1096 713 οὐκ

79 752 145 821 εἰσί
170 765 244 832 ταῖς
270 755 387 831 άλλαις
412 757 538 820 πόλεσι.
583 756 718 839 μεγίστη
747 749 785 818 δέ
811 764 927 819 πασῶν
954 736 1137 850 βούθειαῗ)ὗ

80 859 135 928 καί
161 861 221 938 τάς
248 859 382 937 ἐντοῖς
409 861 532 937 δεινοῖς
559 858 694 938 ἐλπίδας
716 857 875 925 οὐδέποθ’
899 858 994 944 ἡμῶν
1016 871 1096 939 ψευ-

82 965 208 1052 σαμένη
237 965 410 1051 συμπάσης
439 963 466 1031 τ’
497 965 643 1050 ἀμείνων
672 964 888 1053 ἀνθρωπίνης
918 966 1046 1052 ἰσχύος,
1074 966 1095 1050 ἡ

81 1074 169 1160 παρά
196 1083 265 1139 τῶν
291 1079 382 1140 θεῶν
409 1073 540 1157 εύνοια,
568 1069 611 1137 δι’
639 1072 698 1149 οὓς
722 1072 763 1138 οὐ
786 1075 891 1157 μόνον
915 1071 1097 1157 ἐλευθέραν

83 1181 128 1257 εἰς
150 1181 229 1245 τόδε
251 1178 376 1266 χρόνου
397 1181 459 1264 την
476 1181 576 1245 πόλιν
594 1181 695 1262 τήνδε
713 1180 870 1263 οἰκοῦμεν
889 1178 1014 1262 ὀγδόην
1031 1179 1096 1263 ἤδη

81 1287 142 1371 την
161 1294 227 1351 νῦν
245 1286 375 1369 γενεάν,
394 1284 477 1351 άλλδι
495 1283 550 1351 καλ
568 1284 751 1371 εὐδαίμονα
768 1282 824 1351 καί
838 1289 972 1350 πολλῶν
985 1281 1097 1350 ἐθνῶν
1112 1306 1138 1346 ιο

83 1393 262 1479 άρχουσαν.
307 1393 351 1476 μὴ
380 1388 418 1457 δέ
440 1393 607 1469 Πεδανοῖς
628 1392 713 1476 ἡμᾶς
736 1392 868 1477 εἰκάσῃς
889 1386 972 1476 μηδὲ
999 1393 1134 1459 Τολε-4

83 1502 191 1583 ρίνοις
213 1493 297 1583 μηδὲ
319 1509 389 1575 τοϊς
411 1500 525 1575 άλλοις
542 1501 801 1585 μικροπολίταις,
823 1493 871 1563 ὧν
888 1495 1042 1583 κατέσχες
1058 1498 1099 1562 τά

82 1607 254 1689 πολίχνια·
277 1601 413 1690 καὶγὰρ
432 1605 539 1688 ἥττων
557 1606 600 1670 άν
618 1607 667 1682 τίς
685 1620 748 1671 σου
767 1606 948 1689 στρατηγὸς
966 1602 1021 1669 καλ
1040 1601 1095 1668 ἀπ’

83 1711 258 1787 ἐλάττονος
276 1709 297 1794 ἢ
314 1712 477 1796 τοσαύτης
495 1720 648 1797 στρατιᾶς
661 1712 933 1796 ὀλιγανθρωπίαν
946 1709 1001 1776 καλ
1015 1736 1101 1797 φαυ-

21 1819 205 1903 1561λύτητα
232 1816 404 1902 ἐρυμάτων
427 1816 595 1901 ἐβιάσατο·
623 1815 693 1883 ἀλλ’
721 1816 873 1901 ἐνθυμοῦ
895 1819 933 1882 τὸ
956 1815 1099 1902 μέγεθος
1114 1838 1140 1878 15

83 1932 144 2008 τῆς
164 1925 294 2000 πόλεως
314 1921 370 1990 καὶ
392 1925 453 2008 τὴν
476 1925 687 2009 λαμπρότητα
709 1934 776 1989 τῶν
799 1923 836 1990 ἐν
859 1935 928 2000 τοῖς
945 1921 1101 2009 πολέμοις

83 2030 236 2117 πράξεων
263 2029 318 2095 καί
340 2031 402 2114 τὴν
425 2029 462 2095 ἐκ
482 2039 543 2097 τοῦ
565 2033 663 2097 θείου
685 2040 858 2116 παροῦσαν
881 2028 963 2113 αὐτῇ
986 2030 1101 2113 τύχην,

86 2134 130 2202 δι’
158 2137 203 2220 ἣν
233 2135 269 2202 ἐκ
298 2146 416 2224 μικρᾶς
445 2138 587 2222 τοσαύτη
617 2135 742 2220 γέγονε.
788 2134 844 2201 καλ
870 2137 932 2220 την
959 2138 1136 2204 σεαυτοῦὸ

87 2242 244 2327 δύναμιν,
267 2241 310 2325 ἣν
332 2243 424 2325 άγων
448 2244 534 2331 ἔργῳ
556 2244 682 2328 τοσῷδε
706 2240 895 2327 ἐπιχειρεῖς,
922 2241 967 2326 μὴ
989 2244 1101 2327 νόμιζε

86 2348 269 2434 ἠλλάχθαι,
292 2346 376 2414 άλλδι
399 2345 546 2433 μέμνησο
570 2347 723 2434 ἀκριβῶς,
746 2348 797 2413 ὅτι
821 2348 1045 2414 Οὐολούσκων
1067 2371 1102 2415 τε
1116 2369 1145 2410 ω

86 2452 143 2521 καί
165 2456 323 2520 Αἰκανῶν
351 2455 508 2540 στρατιάν
531 2453 652 2540 ἐπάγη,
678 2454 737 2532 οὓς
758 2454 852 2539 ἡμεῖς
875 2455 945 2519 οἵδε
969 2457 1019 2536 [οἰ
1038 2465 1103 2521 νῦν

88 2563 195 2642 ὄντες]
219 2559 257 2627 ἐν
280 2565 418 2637 πολλαῖς
440 2559 601 2645 ἐνικῶμεν
623 2561 753 2646 μάχαις,
775 2560 889 2637 ὁσάκις
911 2559 990 2643 ἡμῖν
1014 2559 1104 2626 ἐτόλ-

88 2683 198 2754 μησαν
220 2668 269 2743 εἰς
286 2668 432 2752 πόλεμον
450 2676 661 2752 καταστῆναι·
685 2667 768 2732 ὥστε
788 2668 852 2731 σὺν
869 2676 939 2742 τοῖς
956 2667 1104 2751 χείροσιν

89 2773 312 2858 ἀγωνίζεσθαι
343 2771 474 2858 μέλλων
506 2780 587 2839 ἰσθι
610 2775 694 2859 πρὸς
724 2774 803 2848 τοὺς
831 2773 1021 2858 κρείττονας
1049 2769 1104 2836 καλ

90 2881 154 2944 σὺν
181 2889 251 2956 τοῖς
277 2876 477 2963 ἡττωμένοις
504 2880 561 2944 διά
587 2879 709 2955 παντὸς
735 2880 817 2963 πρὸς
843 2880 921 2955 τοὺς
943 2888 1105 2954 νικῶντας
1118 2894 1145 2937 ω

90 2984 151 3050 άεί.
187 2987 219 3050 εἰ
241 2980 280 3049 δέ
302 2985 344 3070 δη
366 2984 526 3052 τάναντία
546 2987 674 3052 τούτων
691 2981 747 3071 ἦν,
769 2983 876 3052 ἐκεῖνό
895 2982 935 3068 γέ
950 3006 1002 3049 τοι
1019 2985 1139 3049 θαυ-6

164 3146 178 3195 1
198 3159 229 3196 τε
248 3139 298 3194 καὶ
316 3141 381 3196 αδδ.
399 3140 531 3196 Gelenius
615 3147 633 3195 4
651 3139 712 3196 ὅσοι
730 3140 809 3211 παρὰ
826 3140 930 3203 πάσαις
948 3140 971 3195 Ο
991 3140 1104 3210 ὅσοιπερ

93 3211 217 3273 άπάσαις
226 3227 249 3266 ο.
262 3211 385 3268 Sintenis
399 3213 460 3269 Em.
474 3213 555 3269 Dion.
570 3212 609 3266 111
624 3219 657 3267 22
713 3219 746 3267 11
762 3212 798 3283 μὴ
813 3211 845 3266 δὲ
861 3211 883 3266 Ο
898 3211 936 3282 μὴ
952 3211 986 3282 δὴ
1001 3210 1105 3267 Reiske

94 3289 128 3338 14
147 3283 310 3352 φαυλύιητα
327 3284 462 3339 τοιούτων
481 3279 625 3354 ἐρυμάτων
644 3300 667 3339 c.
686 3282 790 3338 Reiske
868 3289 900 3337 19
920 3278 1063 3353 *ἐπάγων
1082 3282 1104 3337 O

94 3348 267 3424 ἐπαγόμενος
285 3371 308 3409 ο.
328 3354 473 3425 Kiessling
491 3354 567 3425 άγων
582 3370 634 3424 ego
706 3361 740 3410 21
760 3352 789 3409 οἰ
805 3362 858 3409 νῶν
877 3353 992 3417 ύντεςΟ
1012 3352 1041 3409 οἰ
1053 3360 1106 3409 νῶν

94 3424 233 3495 παρόντες
251 3441 274 3479 ο.
292 3425 436 3496 Kiessling
460 3426 515 3482 del.
534 3425 623 3482 Cobet
641 3424 708 3482 Obs.
726 3444 754 3497 p.
771 3431 821 3481 159
840 3425 944 3483 Variae
962 3426 1038 3484 Lect.
1054 3430 1106 3482 298

148 3523 248 3567 D1on1s.
262 3526 326 3569 HAn.
335 3527 379 3568 IIL
407 3536 446 3566 nn.
462 3527 563 3568 λεοοεῑ.
913 3519 944 3568 11
