2424 3848
434 189 436 193 ,
547 215 728 266 *ιθ-ι
800 171 843 274 Ι.

124 376 180 442 καὶ
202 379 263 461 τήν
281 399 315 441 τε
336 379 429 441 λείαν
448 375 679 460 ἀφαιροῦνται,
701 375 851 452 καὶτοὺς
869 377 969 460 ὁμόσε
988 387 1135 468 χωροῦν-

124 508 192 568 τας,
211 482 270 560 οὓς
288 479 348 566 μὲν
366 481 630 565 ἀποκτείνουσιν,
649 482 707 558 οὓς
726 478 756 546 δ’
775 485 821 558 είς
838 484 951 568 φυγήν
964 480 1135 568 τρέπουσι·

124 587 180 654 καὶ
210 591 241 654 εί
269 590 313 672 μή
346 591 440 664 Ίῒτος
467 592 603 665 Σίκκιος
630 589 832 673 πρεσβευτής
857 587 923 653 τότ’
951 589 999 653 ὢν
1027 593 1135 674 στίφει

58 770 63 781 ,
125 692 374 783 συντεταγμένῳ
397 698 502 773 πεζῶν
524 719 558 759 τε
581 693 636 759 κοιλ
661 693 785 759 ίππέων
803 697 1063 779 παραβοηθήσας
1081 693 1136 759 έπ-

103 801 221 887 ’,έσχεν
249 802 384 883 αύτούς,
412 797 512 866 οὐδέν
535 800 577 866 ἀν
599 803 636 866 τὸ
661 805 813 865 κωλῦσον
836 795 879 882 ἦν
901 801 1032 865 άπασαν
1056 799 1135 865 ἀπο-
1163 823 1176 862 ε

58 921 60 926 ’
125 906 245 972 λέσθαι
273 909 333 990 τήν
357 903 522 988 στρατιάν·
554 906 697 971 ’ἐκείνου
721 903 752 970 δ’
776 904 930 990 ἐμποδὼν
953 905 1135 990 γενομένου

125 1017 305 1078 συνελθεῖν
335 1015 489 1096 ἔφθασαν
515 1015 554 1077 Ἰοί
579 1010 689 1078 λοιποί
717 1014 751 1077 οί
776 1009 852 1076 καθ’
883 1011 941 1076 ένα
969 1014 1136 1077 διεσκεδα-

126 1119 256 1203 σμένοι·
275 1119 395 1203 πάντες
413 1116 443 1183 δ’
462 1118 499 1184 έν
517 1119 623 1207 ταύτιβ
644 1122 817 1203 γενόμενοι
831 1120 1025 1202 λόφονιινά
1040 1141 1137 1182 κατα-

126 1225 351 1308 λαμβάνονται
369 1223 444 1310 περλ
459 1226 572 1310 δείλην
587 1226 699 1306 ὀψίαν,
718 1222 772 1289 καὶ
785 1226 846 1308 τήν
861 1223 1019 1289 ἐπιοῦσαν
1032 1224 1136 1288 νύκτα

126 1330 164 1395 έν
191 1331 296 1419 τούτῳ
321 1333 463 1414 ἔμειναν.
510 1329 708 1415 ἐπαρθέντες
731 1327 768 1394 δὲ
792 1328 989 1395 Οὐιεντανοὶ
1011 1340 1056 1418 τῷ
1080 1296 1177 1409 καί,

67 1463 71 1469 ·
126 1438 319 1520 τορθύματι
341 1440 483 1520 πλησίον
505 1447 566 1502 τοῦ
589 1433 696 1521 λόφου
719 1440 869 1501 τίθενται
891 1437 931 1500 τὰ
955 1436 1055 1518 ὅπλα,
1082 1434 1137 1501 καὶ

56 1546 204 1619 ιννοτοὺς
231 1541 267 1606 έκ
293 1552 351 1625 τῆς
377 1546 509 1620 πόλεως·
527 1542 667 1608 ἐκάλουν
691 1544 734 1619 ὡς
756 1545 1044 1618 κατακεκλεικότες·
1061 1546 1138 1619 τοὺς

121 1647 303 1733 Ῥωμαίους
339 1650 386 1724 είς
421 1653 561 1735 χωρίον,
597 1651 682 1714 ἔνθα
714 1645 814 1714 οὐδὲν
845 1660 912 1714 τῶν
945 1648 1138 1731 ἐπιτηδείων
1198 1648 1199 1652 ’

126 1757 265 1839 ἔμελλον
293 1743 394 1838 ἕξειν,
421 1753 476 1819 καὶ
503 1756 833 1840 προσαναγκάσοντες
855 1756 916 1821 οὐκ
939 1759 986 1833 είς
1009 1756 1138 1840 μακράν

126 1862 334 1945 παραδοῦναι
358 1865 452 1945 σφίσι
475 1863 514 1925 τδι
538 1861 630 1927 ὅπλα.
676 1865 805 1944 χίνεταί
824 1860 853 1926 τ’
877 1863 987 1928 αὐτῶν
1011 1871 1137 1948 συχνοῦ
1151 1881 1176 1923 ἰε

127 1962 287 2042 ἐλθόντος
313 1968 415 2053 ὄχλου
443 1969 505 2032 δύο
533 1970 757 2053 στρατεύματα
783 1967 859 2053 περὶ
881 1970 943 2045 τάς
961 1968 1139 2053 ἐπιμάχους

127 2073 353 2157 λαγόνας-’τοῦ
376 2076 495 2158 λόφον,
517 2074 623 2140 πολλά
641 2072 669 2139 τ’
688 2075 772 2139 άλλα
790 2075 935 2160 φρούρια
954 2075 1138 2157 βραχύτερα

127 2179 209 2244 κατὰ
231 2182 310 2255 τοὺς
331 2175 430 2262 ἦττον
454 2179 642 2265 ἐπωιαίρους
664 2183 797 2256 τύπους
821 2176 876 2244 καί
898 2180 1004 2244 πάντα
1022 2174 1138 2262 ήν-με-

101 2316 103 2320 ·
128 2286 188 2350 στδι
212 2285 334 2349 ὅπλων.
371 2285 389 2350 ὁ
414 2280 444 2350 δ’
466 2285 576 2370 ἕτερος
597 2298 664 2351 τῶν
687 2285 821 2350 ὑπάτων
841 2285 968 2368 Φάβιος
991 2285 1138 2368 γραμμά-
1158 2287 1179 2352 5

127 2414 195 2455 των
218 2392 306 2476 παρὰ
328 2402 388 2457 τοῦ
411 2392 635 2478 συνάρχοντος
657 2390 869 2476 ἀφικομένων
892 2390 1062 2473 ἐπιγνούς,
1088 2390 1179 2455 ὅτινα

55 2565 57 2568 ,
127 2496 165 2561 έν
189 2495 337 2581 ἐσχάτοις
359 2496 445 2563 είσλν
469 2501 504 2563 οί
523 2498 813 2575 κατακλεισθέντες
835 2497 872 2562 έν
889 2507 935 2586 τῷ
957 2500 1061 2586 λόφῳ,
1084 2495 1139 2560 καὶ

127 2604 418 2687 κινδυνεύσουσιν,
441 2606 473 2668 εί
494 2605 538 2687 μή
557 2629 606 2682 τις
624 2605 736 2680 αὐτοῖς
754 2606 929 2688 βοηθήσει,
952 2608 1035 2690 λιμῷ
1055 2600 1139 2666 ἁλῶ·

113 2733 196 2793 ναι,
215 2708 400 2793 ἀναστήσας
418 2711 478 2775 τὸν
497 2713 638 2796 στρατὸν
655 2705 737 2794 ἦγεν
751 2709 804 2775 έπλ
823 2713 900 2786 τοὺς
911 2709 1152 2785 Οὐιεντανοὺς

128 2818 193 2879 σῦν
215 2816 318 2899 τάχει·
350 2814 405 2881 καὶ
428 2818 459 2880 εί
480 2825 540 2903 μιᾷ
562 2818 769 2902 βραδύτερον
791 2809 901 2903 ήμέρηι
919 2816 1056 2898 διήνυσε
1078 2816 1139 2898 τήν

128 2904 227 3004 ὁδόν,
255 2917 355 2986 οὐδὲν
378 2921 420 2986 ἂν
443 2923 587 3005 ὤνησεν,
610 2921 693 2988 ἀλλά
717 2920 967 3006 διεφθαρμένην
990 2922 1050 3003 τήν
1074 2920 1179 2985 έκεϊεῡ

200 3191 216 3238 λ
236 3184 475 3254 ἀποκτιννύουσιν
493 3184 518 3237 A
599 3192 614 3237 3
633 3184 732 3246 Σίκιος
749 3185 773 3237 Β
854 3191 868 3237 7
888 3183 981 3237 λοιποὶ
1001 3180 1075 3254 <οί>
1094 3182 1140 3236 Bb

131 3263 163 3310 10
182 3255 214 3310 δὲ
235 3255 403 3310 Οὐιεντανοὶ
418 3254 493 3309 A&
514 3253 675 3310 Οἰιεντιινολ
690 3254 712 3306 Β
778 3260 810 3309 15
829 3255 936 3322 γίνεται
950 3253 982 3307 δὲ
997 3269 1020 3306 υ.
1033 3252 1141 3318 Kayser

128 3331 200 3380 Ann.
219 3326 288 3396 phil.
310 3330 377 3381 1868
395 3344 423 3396 p.
439 3333 490 3381 817
584 3333 615 3379 1‘1
634 3324 722 3380 πολλὰ
742 3323 770 3378 δ’
786 3323 898 3378 άλλαΟ
921 3322 1010 3377 πολλά
1027 3321 1054 3376 τ’
1071 3323 1140 3378 ἀλλα

128 3396 240 3522 Reisskfi)
295 3404 330 3452 20
350 3393 480 3467 ἀπηνοῦς
498 3397 535 3459 ὡς
553 3396 596 3451 ὅτι
615 3395 637 3451 Ο
655 3392 809 3467 μεωελοεΒ
873 3401 906 3448 22
926 3393 1141 3462 κινδυνεύουσιν

129 3485 152 3524 ο.
191 3487 210 3537 y
241 3486 294 3537 urg
