2424 3848
98 201 141 267 52
523 205 685 253 -Ζ-

96 368 233 442 πολλοῖς
260 361 493 450 ἀπεχθομένου
520 346 848 449 σῶφρονέὐλάβεια
869 365 952 449 πρὸς
974 363 1033 440 τδς
1055 371 1119 430 τοῦ

96 480 297 557 κρατοῦντος
331 470 446 557 ὀργάς,
477 465 549 536 ἀλλ’
583 471 627 548 ῶς
659 469 784 557 ἐχθροῦ
815 473 1120 557 προπηλακίζοντος

97 576 202 655 ἀδεῶς
228 579 307 654 τοὺς
333 561 400 643 ὑπὸ
427 587 537 663 χείρας
564 570 705 662 άκρατός
731 598 780 654 τις
805 577 887 663 χολη
916 573 972 642 καὶ
998 579 1119 663 βαρεῖα

96 691 157 749 τοῦ
179 695 287 761 κακῶς
308 683 494 768 πάσχοντος
515 682 689 770 ὑπεροψία.
761 697 768 707 ·
1125 750 1128 754 ⁴

72 811 85 853 ε
165 789 301 856 XXXV.
330 790 506 876 Τοιγάρτοι
528 788 684 874 λέγοντός
702 786 730 854 τ’
752 788 856 856 αὐτοῦ
874 788 994 874 μεταξὺ
1013 793 1122 868 πολὺς

99 899 248 981 θόρυβος
271 894 399 979 ἐγίνετο
421 898 499 981 τῇδε
523 894 578 961 καὶ
600 897 679 982 τηδε
701 896 831 980 θαμινά
849 893 1121 982 μεθελκομένοις,

99 1003 144 1080 ὡς
171 1001 208 1067 έν
237 1003 428 1088 διαφόροις,
454 1006 599 1087 πλήθεσι
621 1000 677 1068 καὶ
700 1003 741 1069 οῦ
764 1003 866 1068 ταῦτὰ
888 999 1121 1088 βουλομένοις,

99 1119 166 1173 τῶν
198 1105 259 1193 μέν
292 1106 467 1193 ἡδομένων
499 1106 552 1173 ἐπὶ
584 1120 654 1187 τοῖς
685 1112 797 1192 λόγοις
829 1108 948 1191 αὐτοῦ,
980 1119 1046 1174 τῶν
1081 1105 1121 1174 δέ

99 1215 200 1280 πάλιν
233 1213 440 1302 ἀχθομένων.
490 1213 546 1280 καλ
579 1214 692 1299 ἐπειδὴ
723 1215 886 1281 ἐπαύσατο
915 1211 1039 1298 λέγων,
1072 1217 1122 1281 ἔτι

60 1296 222 1410 ᾗπλείοον
246 1319 367 1405 ἀνέστη
391 1322 453 1406 βοή
477 1318 532 1386 καὶ
549 1324 707 1406 θόρυβος.
740 1321 776 1387 οί
791 1316 853 1406 μὲν
871 1321 935 1407 γὰρ
952 1324 1122 1407 πατρίκιοι

99 1428 276 1513 κράτιστον
296 1426 431 1512 ἀνδρῶν
450 1426 601 1511 λέγοντες
619 1424 767 1514 ἐπῄνουν
786 1427 889 1494 αὐτὸν
908 1425 961 1492 ἐπὶ
978 1436 1018 1513 τῇ
1036 1448 1125 1515 παρ-

101 1536 201 1622 ρησίρι
229 1531 284 1599 καλ
313 1537 419 1618 μόνον
447 1531 632 1619 ἀπέφαινον
661 1533 693 1613 ἐξ
722 1532 877 1600 ἁπάντων
905 1545 1001 1619 σφῶν
1029 1531 1125 1600 ἐλεό-

99 1646 218 1724 θερον,
241 1639 278 1717 ὃς
302 1640 377 1704 οῦτε
400 1643 568 1725 πολεμίων
591 1641 719 1706 ἔδεισεν
743 1639 904 1707 ἐπιόντων
922 1643 1024 1727 όχλον
1043 1641 1124 1706 οὔτε

24 1782 32 1796 ·
101 1750 246 1812 πολιτῶν
269 1745 431 1824 αὐθάδεις
453 1745 509 1812 καὶ
531 1751 745 1832 παρανόμους
767 1746 984 1814 ἐκολάκευσεν
1003 1747 1125 1833 ὁρμάς*

61 1874 87 1916 15
103 1853 138 1917 οί
158 1848 195 1916 δέ
218 1850 390 1937 δημοτικοί
414 1854 736 1940 δυσανασχετοῦντες
759 1851 813 1919 ἐπὶ
830 1864 898 1931 τοῖς
917 1853 1189 1938 ὀνειδισμολς138ε

100 1960 208 2043 βαρὺν
230 1956 286 2023 καλ
308 1961 430 2045 πικρὸν
450 1958 505 2025 καλ
523 1963 691 2045 πολεμίων
711 1959 866 2026 ἁπάντων
885 1963 1042 2046 ἔχθιστον
1062 1960 1126 2026 αῦ-

66 2067 160 2147 3Ὶτὸυ
179 2063 375 2132 ἀπεκάλουν.
411 2070 606 2152 προθυμίαν
625 2063 662 2132 δὲ
680 2068 809 2151 πολλήν
826 2062 917 2152 εἶχόν
936 2089 1024 2143 τινες
1043 2067 1125 2152 ήδη,

100 2161 257 2247 οἷςπολὺ
277 2180 407 2257 προσῆν
424 2175 462 2239 τὸ
481 2170 622 2259 εὐχερές,
646 2169 684 2236 ἐν
702 2181 822 2257 χειρῶν
841 2172 944 2238 αὐτὸν
963 2172 1126 2256 διαφθεί..

101 2300 157 2362 ραι
175 2280 277 2366 νόμῳ.
312 2279 503 2364 συνήργουν
522 2277 553 2343 δ’
570 2279 682 2354 αὐτοῖς
700 2282 747 2354 είς
766 2286 863 2344 τοῦτο
883 2275 938 2343 καὶ
958 2279 1126 2364 συνελάμ-

63 2409 89 2448 εο
102 2384 208 2467 βανον
240 2378 276 2449 οί
303 2386 481 2471 δήμαρχοι,
511 2383 566 2451 καλ
597 2385 737 2470 μάλιστα
764 2380 937 2460 Σικίννιος
966 2382 1126 2453 ἐνεδίδου

107 2501 177 2566 τοῖς
194 2493 382 2575 βουλήμασι
400 2491 458 2567 τὰς
475 2492 581 2576 ήυίας.
615 2495 777 2556 τελευτῶν
796 2501 891 2575 γοῦν,
910 2489 1023 2575 ἐπειδή
1043 2497 1128 2559 πολ-

21 2586 25 2591 ’
106 2596 168 2680 λήν
204 2596 309 2663 αὐτοῦ
342 2599 555 2683 καταδρομήν
587 2597 761 2681 ἐποιήσατο
795 2595 849 2663 καλ
881 2599 959 2675 τοὺς
989 2602 1127 2683 θυμοὺς

101 2699 253 2781 ἐξέκαυσε
276 2713 343 2768 τῶν
362 2705 527 2788 δημοτῶν,
549 2707 654 2781 πολὺς
673 2702 864 2787 ἐμπνεύσας
883 2711 922 2788 τῇ
941 2709 1127 2795 κατηγορία

101 2807 196 2888 τέλος
219 2808 404 2894 ἐξήνεγκεν,
430 2810 480 2877 ὅτι
504 2807 654 2876 θάνατον
678 2809 782 2876 αὐτοῦ
805 2813 1063 2896 καταψηφίζεται
1085 2815 1125 2880 τὸ

50 3018 54 3025 .
172 2973 188 3020 3
212 2967 267 3021 ὑπὸ
286 2974 381 3038 χεῖρας
400 2967 472 3020 ABa
491 2966 546 3021 ὑπὸ
566 2973 657 3036 χεῖρα.
676 2966 723 3019 Bb
744 2957 748 2962 ¹
796 2973 812 3021 6
837 2962 944 3037 ἐγίνετο
961 2967 985 3020 Β
1006 2962 1121 3037 ἐγένετο

101 3036 127 3090 R
142 3037 146 3108 Ι
165 3036 219 3109 τ<η
243 3040 275 3092 δε
288 3038 335 3092 Bb
355 3037 419 3108 (bis)
437 3040 441 3107 Ι
457 3037 674 3108 μεθελκομένοις
689 3037 711 3092 0
726 3037 941 3109 μεθελκομένοον
955 3054 979 3094 ο.
993 3038 1120 3111 Sylburg

104 3112 208 3176 μεθελκ
226 3128 309 3178 μενος
333 3127 356 3165 ο.
374 3108 478 3163 Reiske
553 3117 585 3163 13
609 3105 725 3163 έπιόντα
745 3126 768 3164 ο.
788 3109 908 3180 Sylburg
982 3117 1015 3164 14
1034 3110 1124 3182 ἀργὰς

104 3195 127 3232 ο.
150 3177 294 3248 Kiessling
367 3187 400 3235 18
428 3187 535 3250 προσῆν
558 3180 581 3233 Β
609 3174 645 3250 ἦν
668 3180 693 3233 R
718 3182 722 3249 Ι
747 3181 839 3235 αότῶν
863 3180 940 3234 ABa
962 3180 1050 3236 αὐτὸν
1075 3181 1125 3236 Bb

106 3254 139 3302 19
167 3247 365 3321 συν<η>ργουν
387 3252 411 3304 Β
439 3253 603 3322 συνείργουν
628 3252 647 3307 C
672 3251 846 3323 συνηγόρουν
870 3269 892 3307 ο,
911 3251 1013 3306 Portus
1088 3259 1123 3308 21

105 3318 274 3445 βουλεάχιασι
292 3339 315 3378 ο.
334 3322 478 3392 Kiessling
532 3330 565 3377 23
584 3331 639 3377 τῶν
658 3325 786 3393 δημοτῶν
804 3319 890 3385 πολδς
906 3354 937 3362 -
954 3326 1121 3400 κατηγορίᾳ,

105 3388 183 3452 τέλος
217 3388 359 3461 ξήνεγκεν.
371 3393 579 3464 interpungimr
597 3393 695 3464 vulgo,
720 3396 861 3464 δημοτῶν,
880 3394 967 3457 πολῦς
985 3426 1017 3436 -
1038 3415 1126 3466 κατη-

104 3464 187 3538 γορίᾳ
205 3460 282 3524 τέλος
301 3459 454 3535 ἐπηνεγκεν
472 3465 581 3534 Kn'iger
599 3465 636 3519 ad
653 3464 734 3521 Dion.
756 3465 829 3522 Hisb.
848 3484 875 3535 p.
891 3471 945 3530 4⁷4
