2424 3848
101 221 144 288 38
527 224 690 274 -Ζ-

101 384 199 470 χάριν
227 385 358 460 εἰδότας
384 393 454 460 τοῖς
480 390 591 468 θεοῖς,
619 383 669 448 ὅτι
697 382 759 448 οὐκ
785 387 901 448 εἴασαν
929 380 1052 460 αὐτοὺς
1078 384 1122 449 τά
1150 388 1156 399 ’

17 573 21 580 Ι
101 501 215 576 πρῶτα
237 491 539 573 πλεονεκτήσαντας
557 492 604 567 είς
625 489 666 554 τά
689 489 788 555 λοιπά
811 499 1011 574 σωφρονεῖν,
1035 488 1122 556 ἀλλά

101 597 226 680 ταύτην
245 596 405 681 ἐνέβαλον
424 597 537 673 αὐτοῖς
554 597 615 680 την
634 595 871 682 ἀναισχυντίαν
889 618 923 660 τε
941 592 997 660 καὶ
1015 601 1122 662 πολυ-

100 703 354 788 πραγμοσάνην,
377 699 435 788 ὑφ’
460 698 499 786 ἧς
521 702 616 786 ὑμεῖς
638 698 904 785 ἀναγκασθέντες
925 701 964 766 τά
986 699 1016 767 τ’
1038 703 1122 769 ἀπο

76 829 88 870 τ
104 812 231 875 λωλότα
245 816 406 895 πειρᾶσθε
421 808 614 894 ἀναλαβεῖν,
627 807 682 874 καὶ
695 809 735 874 τά
749 808 848 874 λοιπά
863 805 906 873 δι’
920 802 960 892 ἧς
972 819 1121 896 προσῆκε

100 919 252 1000 φυλακῆς
274 919 397 999 λαβεῖν.
772 979 775 982 ,

167 1021 308 1087 XXIIII.
332 1024 458 1108 Καιρὸς
477 1019 507 1087 δ’
530 1022 548 1088 ὁ
568 1020 684 1106 παρὼν
706 1011 777 1097 οἷος
799 1020 860 1107 οὐχ
883 1019 1003 1107 ἕτερος,
1026 1027 1120 1107 είπερ

100 1124 132 1210 γ’
155 1129 317 1213 άρχεσθαι
335 1125 469 1213 μέλλετε
487 1138 688 1213 σωφρονεῖν,
706 1125 743 1191 ἐν
762 1119 788 1216 ᾦ
807 1127 988 1192 κεκάκωται
1006 1127 1121 1194 αὐτῶν

100 1237 138 1300 τδ
161 1238 316 1301 πλεῖστον
340 1233 438 1321 μέρος
459 1236 525 1301 ὑπὸ
549 1243 609 1300 τοῦ
632 1240 748 1318 λιμοῦ,
775 1232 890 1300 καὶτὸ
914 1234 1031 1299 λοιπὸν
1054 1234 1120 1300 οὐκ

62 1363 88 1402 10
101 1339 143 1405 άν
171 1343 218 1406 ἔτι
247 1342 384 1407 δάναιτο
412 1344 520 1407 πολὺν
547 1341 715 1428 ἀντισχεῖν
737 1343 861 1426 χρόνον
887 1335 943 1404 ὑπ’
971 1338 1119 1427 ἀχρημα-

100 1451 191 1530 τίας,
227 1450 259 1512 εί
294 1451 455 1524 σπανίους
490 1470 524 1512 τε
559 1445 614 1513 καὶ
646 1450 754 1531 τιμίας
791 1449 860 1533 έχοι
892 1446 950 1523 τάς
981 1444 1118 1533 ἀγοράς·

101 1551 414 1636 ἀναγκασθήσονται
443 1549 473 1617 δ’
501 1553 536 1618 οί
562 1549 623 1637 μέν
646 1553 794 1619 κάκιστοι
817 1550 873 1618 καὶ
895 1550 1055 1618 οὐδέποτε
1078 1562 1171 1640 τηεσε

101 1652 335 1745 ἀριστοκρατίᾳ
357 1662 528 1744 χαίροντες
551 1658 697 1724 ἐκλιπεῖν
720 1661 781 1744 τὴν
803 1660 972 1744 πόλιν,οί
992 1657 1022 1724 δ’
1049 1658 1120 1725 ἐπι-

101 1762 278 1851 εικέστεροι
292 1765 527 1830 πολιτεύεσθαι
546 1768 692 1850 κοσμίως
709 1762 817 1850 μηθὲν
836 1768 885 1831 ἐτι
904 1765 1121 1852 ἐνοχλοῦντες

61 1853 190 1966 Ξὺμῖν.
227 1871 284 1948 τάς
306 1868 334 1936 τ’
362 1865 425 1937 οὖν
447 1870 572 1958 ἀγοράς
602 1873 658 1938 διδι
680 1877 830 1958 φυλακῆς
852 1875 956 1960 ἔχετε,
983 1869 1121 1957 καὶτῆς

100 1987 196 2062 τιμῆς
222 1988 289 2043 τῶν
316 1978 427 2043 ὠνίων
455 1975 564 2062 μηθέν
591 1978 715 2064 ἀνίετε,
747 1975 819 2045 ἀλλ’
850 1978 932 2045 ὅσου
959 1982 1120 2045 πλείστου

100 2080 179 2149 ποτέ
198 2079 241 2168 ην
259 2085 299 2149 τά
318 2085 411 2168 ὥνια,
430 2086 591 2151 τοσούτου
610 2083 665 2150 καὶ
683 2094 748 2151 νῦν
767 2084 850 2151 αὐτὰ
867 2090 992 2151 πωλεῖν
1012 2089 1120 2172 ψηφί-

101 2196 207 2256 σασθε
227 2191 357 2267 δικαίας
374 2190 526 2277 ἀφορμάς
545 2195 675 2277 ,ἔχοντες
688 2188 743 2257 καλ
761 2192 943 2278 προφάσεις
956 2191 1121 2276 εὐλόγους

101 2297 161 2378 την
183 2293 213 2360 τ’
239 2294 419 2382 ἀχάριστον
441 2307 502 2364 τοῦ
526 2299 634 2382 δημου
657 2300 840 2382 καταβοήν,
871 2298 915 2374 ὡς
936 2295 994 2384 ὑφ’
1020 2298 1120 2384 ἡμῶν

62 2423 88 2463 ω
101 2407 422 2487 κατασκευασθείσης
445 2412 501 2486 τῆς
523 2399 702 2488 σιτοδείας,
727 2403 748 2487 ἣ
772 2404 828 2469 διὰ
850 2405 911 2488 τὴν
934 2403 1120 2473 ἀπόστασιν

100 2508 161 2590 τὴν
185 2507 322 2573 ἐκείνων
350 2508 479 2591 ἐγένετο
506 2507 562 2574 καὶ
590 2510 651 2593 την
678 2510 913 2595 καταφθοράν,
939 2509 982 2594 ἣν
1006 2510 1121 2598 έποιή-

101 2630 217 2698 σαντο,
245 2624 302 2697 τῆς
329 2623 404 2698 γης,
434 2616 570 2697 ἀγοντες
597 2615 702 2698 αὐτὴν
728 2615 784 2681 καὶ
815 2614 973 2702 φέροντες
1005 2617 1118 2707 ὥσπερ

100 2725 278 2806 πολεμίαν,
304 2717 359 2785 καλ
386 2721 444 2797 τὰς
472 2719 696 2807 ἐξαιρεθείσας
725 2722 762 2788 ἐκ
789 2732 849 2789 τοῦ
872 2725 1035 2808 δημοσίου
1060 2726 1119 2790 δα-

99 2827 206 2904 πάνας
223 2829 270 2904 είς
290 2830 368 2904 τοὺς
390 2825 634 2905 ἀποσταλέντας
652 2827 704 2894 ἐπὶ
723 2830 784 2912 την
803 2832 961 2895 σιτωνίαν
978 2830 1118 2919 ἀνδρας,

61 2952 87 2994 ετ
101 2932 156 2999 καὶ
180 2935 263 3000 ἀλλα
286 2934 393 3000 πολλά
416 2930 495 3016 τιν’,
519 2934 539 3000 ἃ
562 2934 723 3019 ἠδίκησθε
747 2932 802 3000 ὑπ’
829 2935 951 3002 αὐτῶν·
982 2938 1039 3003 ἵνα
1062 2937 1119 3004 καὶ

172 3201 238 3265 8γε
258 3199 355 3250 om.A
412 3202 444 3250 10
464 3199 566 3252 δοῦναι
584 3197 615 3252 τδ
634 3197 660 3250 A
720 3203 756 3265 11,
772 3175 937 3254 είοσττανίονσ
956 3201 979 3252 Α
999 3195 1117 3255 είίσπα-

100 3266 219 3328 νίουςΒ
293 3274 326 3322 13
345 3265 571 3340 χ<αί>ροντεςΒ
650 3272 682 3322 15
701 3268 750 3332 τὰς
768 3278 837 3339 γοῦν
856 3268 960 3340 ἀγορὰς
979 3286 1002 3326 ο.
1051 3271 1118 3325 ἐοε-

100 3336 162 3410 ling
235 3343 268 3391 17
286 3339 494 3407 ψηφίσεσθεΑ
567 3344 601 3394 25
620 3338 718 3394 *ἀλλα
737 3340 825 3396 πολλὰ
843 3340 983 3409 ἠδίκησθε
1004 3346 1027 3396 Α
1047 3341 1119 3396 ἀλλά

100 3428 164 3463 τινα
183 3406 365 3533 ἠδικῆθ<αιέ
383 3409 405 3462 Β
433 3410 503 3464 ἀλλα
521 3409 610 3465 πολλά
628 3409 683 3465 τιν’
704 3410 723 3465 δι
741 3411 880 3482 ἠδίκησθε
899 3427 952 3482 ego
982 3416 988 3483 Ι
1012 3413 1061 3467 ἴνα
1081 3414 1117 3484 δὴ

99 3480 150 3535 καί
168 3487 277 3550 γνῶμεν
296 3497 319 3535 ο.
366 3480 443 3535 eiske
647 3517 649 3521 «
