2424 3848
521 165 688 218 ..Θ-

64 327 275 393 ἳάπύλεσαν
297 328 345 391 έτι
367 329 502 402 πλείους
523 333 591 391 τῶν
614 323 792 413 σφετέρων.
838 327 880 393 ἐῶ
905 327 967 412 γάρ
991 323 1119 409 λέγειν,
1169 331 1180 351 '

100 433 152 499 ότι
180 431 299 499 πολλοὶ
329 431 384 497 καὶ
410 435 448 498 τὸ
474 432 630 517 παράπαν
656 432 853 516 ἡττηθέντες
879 436 943 498 σὺν
970 435 1118 519 αἰσχύνη

98 563 135 604 τε
157 538 213 604 καὶ
235 539 342 625 βλάβη
361 539 486 624 μεγάλη
504 537 721 623 ἀνέστρεψαν,
744 535 791 605 ὧν
810 537 921 617 οὐδεὶς
938 546 996 622 τῆς
1013 539 1119 624 τύχης

101 644 225 710 δέδωκε
248 647 354 722 δίκας·
388 645 484 728 ίκανη
508 646 571 731 γὰρ
593 644 614 728 ἡ
638 646 809 732 συμφορύ,
831 644 946 711 καὶτὸ
970 645 1118 728 μηδενὸς

74 751 241 816 οέπαίνον
271 762 398 836 τυχεῖν,
431 752 489 832 [ὡς
512 746 560 833 δ’]
589 753 621 815 εί
646 748 700 815 καλ
727 747 833 835 μηδὲν
860 752 958 835 ἀλλο,
988 751 1116 835 μεγάλη

100 867 170 933 τοῖς
197 856 335 941 ἡγεμόσι
365 855 420 922 καὶ
446 858 570 940 χαλεπὴ
600 859 703 940 ζημία.
748 856 790 922 ού
817 857 882 941 μην
911 853 983 922 ἀλλ’
1010 861 1117 940 ἔγωγε

101 964 264 1028 τοσούτου
284 960 348 1027 δέω
367 961 487 1046 λέγειν,
506 961 524 1027 δ
542 961 663 1039 πάντες
681 963 717 1028 oc
732 961 859 1048 μέτριοι
878 965 1008 1029 δίκαιον
1027 959 1117 1029 εἶναι

100 1071 281 1155 φήσουσιν,
304 1069 348 1145 ὡς
370 1068 411 1133 οὐ
435 1069 489 1132 δεῖ
509 1091 550 1151 με
571 1068 671 1152 τύχης
693 1068 842 1146 εὐθύνας
863 1068 1011 1153 ὑπέχειν,
1035 1066 1113 1134 ὥστ’

100 1176 133 1239 εί
149 1172 204 1239 καὶ
223 1171 337 1258 μηδεὶς
355 1175 454 1250 ἀλλος
472 1175 602 1239 τοιόνδε
619 1172 732 1258 ἀγῶνα
745 1173 922 1260 ὑπέμεινεν
935 1177 1184 1261 είσελθεῖυ,18λῖ

60 1300 88 1340 10
102 1279 166 1363 ἐγὼ
189 1282 291 1364 μόνος
313 1280 355 1345 οὐ
377 1289 614 1366 παραιτοῦμαι,
637 1280 721 1345 ἀλλά
744 1292 903 1366 συγχωρῶ
926 1282 988 1364 τὴν
1011 1283 1118 1368 τύχην

102 1385 310 1463 ἐξετάζεσθαι
337 1388 399 1470 τὴν
427 1385 509 1470 ἐμὴν
537 1385 598 1470 ούχ
625 1381 725 1470 ἧττον
751 1396 808 1470 τῆς
830 1389 979 1471 γνώμης,
1006 1386 1117 1454 έκεῖνο

66 1496 87 1560 3
101 1493 282 1575 προειπών·
314 1490 377 1573 ἐγὼ
400 1493 459 1569 τάς
481 1491 696 1573 ἀνθρωπίνας
713 1491 847 1578 πράξεις
864 1494 922 1570 τάς
939 1517 974 1558 τε
993 1496 1118 1561 δυστυ-

101 1608 170 1681 χεῖς
196 1595 251 1662 καὶ
279 1598 336 1673 τὰς
362 1597 509 1682 εὐτυχεῖς
536 1598 597 1662 οὐκ
625 1597 661 1663 έκ
688 1609 755 1663 τῶν
781 1600 862 1664 κατὰ
885 1597 985 1684 μέρος
1008 1602 1129 1685 ἔργων’

102 1707 237 1768 πολλῶν
260 1704 367 1768 όντων
389 1701 444 1768 καὶ
466 1707 627 1770 ποικίλων
650 1705 717 1789 ὁρῶ
740 1704 952 1790 κρινομένας,
979 1703 1053 1771 ἀλλ’
1081 1706 1118 1772 έκ

63 1816 164 1873 15τοῦ
192 1805 319 1884 τέλους·
355 1806 410 1872 καὶ
438 1808 517 1874 ὅταν
544 1806 605 1893 μὲν
632 1818 731 1875 τοῦτο
758 1813 892 1896 χωρηση
914 1812 998 1875 κατά
1020 1821 1117 1895 νοῦν,

102 1914 167 1979 κάν
193 1914 232 1978 τά
260 1912 379 1997 μεταξὺ
407 1915 513 1979 πολλὰ
540 1917 622 1981 ὄντα
649 1917 692 1999 μὴ
720 1913 797 1980 καθ’
823 1915 947 1997 ἡδονὰς
969 1915 1117 2002 γένηται,

103 2016 204 2085 οὐδὲν
227 2015 326 2104 ἧττον
349 2019 589 2104 ἐπαινουμένας
610 2021 676 2085 ὑπὸ
698 2021 832 2087 πάντων
855 2022 965 2087 ἀκούω
989 2021 1046 2088 καὶ
1065 2028 1117 2109 ζη-

102 2125 266 2211 λουμένας
288 2124 423 2210 καὶτῆς
445 2125 576 2210 ἀγαθῆς
596 2125 813 2211 νομιζομένας
834 2129 947 2213 τύχης·
976 2129 1058 2195 ὅταν
1081 2127 1118 2195 δὲ

103 2224 400 2318 πονηρδςλάβωσι
422 2233 586 2316 τελευτάς,
608 2231 664 2297 καὶ
687 2231 745 2298 ἐὰν
768 2234 897 2298 ἅπαντα
914 2236 954 2299 τά
972 2238 1037 2321 πρὸ
1057 2246 1116 2302 τοῦ

61 2361 89 2400 ιο
102 2338 217 2416 τέλους
244 2338 280 2404 ἐκ
307 2349 367 2404 τοῦ
395 2336 520 2426 ῥᾴστου
542 2336 692 2423 γένηται,
720 2339 761 2404 ού
783 2348 822 2425 τῇ
846 2341 1012 2428 σπουδαίᾳ
1034 2344 1116 2429 τύχη

65 2451 169 2514 4τῶν
192 2444 387 2530 πραξάντων
410 2442 668 2528 ἀποδιδομένας,
690 2444 774 2510 ἀλλά
796 2454 835 2531 τῇ
857 2455 950 2531 κακῇ.
996 2457 1115 2514 τοῦτον

103 2552 146 2634 δὴ
178 2554 236 2618 τὸν
269 2553 394 2617 σκοπὸν
425 2553 620 2637 προιδόντες
652 2549 747 2617 αὐτοὶ
779 2550 938 2630 ἐξετάζετε
969 2551 1026 2616 καὶ
1055 2555 1115 2637 τὴν

104 2655 187 2742 ἐμὴν
210 2658 326 2742 τύχην,
347 2651 369 2744 ᾗ
392 2658 480 2742 παρά
503 2661 581 2735 τοὺς
598 2655 762 2742 πολέμους
780 2655 946 2743 κέχρημαι.
983 2656 1039 2722 καὶ
1059 2659 1115 2724 έάν
1165 2712 1167 2716 ,

103 2760 166 2847 μέν
188 2763 304 2850 εὕρητε
327 2762 510 2848 ἡττημένον
533 2787 573 2847 με
589 2764 658 2829 ,ὑπὸ
677 2774 744 2828 τῶν
762 2766 942 2848 πολεμίων,
963 2766 1115 2851 πονηρὰν

177 2917 302 2988 1λέγειν
321 2919 423 2975 adm
497 2920 628 2992 θτύχης]
646 2926 739 2988 ψυχῆς
756 2919 802 2973 Ba
874 2920 946 2982 δὼς
959 2920 1008 2975 δεῖ
1018 2921 1116 2975 κάνΑ

103 2991 141 3052 ὡς
159 2988 187 3044 δ’
205 2988 232 3045 εί
248 2990 333 3045 καὶΒ
354 2991 403 3062 [ὡς
416 2989 458 3063 δ’]
474 2988 501 3044 εί
518 2991 632 3059 scripsit
644 2989 788 3059 Kiessling
807 2985 845 3045 ὦν
860 2991 911 3058 δεῖ,
932 2988 959 3044 εί
971 3007 994 3046 c.
1010 2991 1054 3045 Ka
1074 3009 1136 3046 ser-

104 3069 174 3117 Ann.
193 3060 262 3130 phil.
283 3066 353 3117 1868
371 3067 466 3130 1281?
539 3058 609 3116 λοί
625 3059 732 3131 μέτριοι
755 3078 808 3116 om.
826 3062 862 3114 A,
925 3067 955 3115 11
981 3071 1031 3132 τῆς
1050 3009 1116 3134 έμῆς

102 3132 213 3203 γνώμης
230 3133 256 3185 A
328 3139 361 3187 17
381 3131 551 3207 <ούδὲν>Β
622 3139 657 3187 20
676 3130 778 3208 ῥᾴστου
798 3131 820 3186 Ο
844 3133 959 3202 ἀρίστου
978 3149 1002 3188 c.
1020 3133 1116 3189 Kiess·

104 3203 166 3272 ling
188 3203 245 3258 ἀττὸ
264 3212 314 3258 τοῦ
334 3206 482 3275 κρατίστου
501 3221 523 3258 ο.
543 3203 651 3272 Kayser
668 3203 687 3259 l.
702 3203 721 3259 1.
824 3209 858 3258 22
881 3203 1075 3273 *προελόντες
1094 3204 1115 3258 Ο

103 3273 260 3344 προθέντες
281 3293 304 3330 ο.
325 3275 412 3330 Cobet
431 3275 496 3330 obs.
515 3294 541 3344 p.
559 3280 609 3329 178
632 3274 687 3341 πρὸ
707 3274 864 3344 ὀφθαλμῶν
884 3271 995 3343 ἔχοντες
1013 3275 1116 3330 Βείελῑθ

103 3345 269 3469 magu&
288 3363 341 3414 ego
362 3355 366 3417 Ι
387 3347 467 3401 αὐτοὶ
484 3346 510 3400 A
529 3341 638 3408 ἑαυτοῖς
656 3346 679 3398 Β
746 3352 780 3399 24
800 3344 855 3418 μ<ε
873 3344 951 3419 ὑπὸ)
969 3345 1017 3399 Bb
1037 3350 1042 3416 Ι
1062 3355 1116 3401 τῶν

69 3522 154 3592 ἱ
