2424 3848
520 181 687 231 -H-
1046 177 1110 243 137

63 338 288 427 ἀναμεῖναι,
310 341 432 419 πάντες
454 343 554 426 ἔρχου
577 348 705 426 είχοντο
728 344 1052 426 παρασκευαζόμενοι
1073 343 1114 406 τὰ

63 446 249 534 πολέμια·
274 448 348 514 ὅσοι
370 445 397 513 τ’
420 443 507 532 ἦσαν
530 448 641 513 αὐτῶν
664 449 792 533 ἀθυμοι
810 445 891 525 τέως
908 445 1115 525 κακωθέντες

66 554 122 622 ἐν
156 565 232 632 ταῖς
258 552 433 641 προτέραις
456 555 588 640 μάχαις,
616 557 689 620 τότε
710 554 831 631 πάντες
854 554 1114 641 ἐπερρώσθησαν

69 663 132 741 ὡς
161 662 227 745 τὴν
244 658 412 745 Ῥωμαίων
435 663 696 746 καθαιρήσοντες
719 662 824 746 ίσχύν.
870 662 905 726 οί
926 658 956 725 δ’
982 664 1031 739 είς
1052 663 1149 746 τὴν3

59 764 219 854 Ῥώμην
243 765 482 845 ἀποσταλέντες
503 765 559 832 ὑπ’
588 767 699 832 αὐτῶν
721 765 875 853 πρέσβεις
897 768 1115 845 καταστάντες
1140 788 1155 830 ε

72 874 144 942 ἐπὶ
172 875 236 958 τὴν
258 875 387 958 βουλὴν
410 876 539 957 ἔλεγον·
553 872 625 939 Ὅτι
645 873 872 952 Οὐολούσκοις
894 873 969 960 περὶ
987 880 1115 942 πολλοῦ

76 983 166 1049 ἐστι
196 980 447 1045 καταλύσασθαι
474 982 515 1045 τά
542 983 625 1066 πρὸς
651 984 824 1065 Ρωμαίους
851 981 1036 1067 ἐγκλήματα
1061 980 1116 1047 καὶ

74 1092 154 1156 τὸν
190 1088 310 1152 λοιπὸν
336 1090 460 1173 χρόνον
487 1081 574 1152 εἶναι
601 1091 714 1172 φίλοις
740 1085 796 1153 καὶ
824 1088 1007 1173 συμμάχοις
1034 1090 1116 1154 ἀνευ

77 1197 202 1261 δόλου
229 1190 285 1257 καὶ
312 1192 442 1278 ἀπάτης.
488 1196 624 1259 ἔσεσθαι
652 1190 690 1259 δὲ
716 1196 754 1259 τὸ
782 1196 901 1259 πιστὸν
925 1194 1037 1270 αὐτοῖς
1058 1203 1117 1278 τῆς

79 1303 211 1386 φιλίας
238 1296 375 1384 βέβαιον
401 1297 603 1384 ἀπέφαινον,
632 1301 664 1364 εί
684 1303 877 1385 κομίσαιντο
904 1308 969 1382 γῆν
996 1322 1032 1364 τε
1055 1301 1116 1383 τὴν
1130 1321 1157 1360 ιο

83 1406 225 1474 ἑαυτῶν
241 1403 296 1470 καὶ
309 1407 431 1488 πόλεις,
446 1405 484 1482 ἀς
497 1405 562 1472 ὑπὸ
571 1403 741 1491 Ῥωμαίων
756 1403 990 1491 ἀφῃρέθησαν·
1009 1407 1117 1483 ἀλλους

87 1511 125 1580 δ’
158 1509 233 1579 οὔτ’
263 1513 401 1597 είρηνην
430 1512 507 1577 ούτε
533 1515 693 1597 φιλότητα
715 1515 855 1597 βεβαίαν
877 1511 1037 1598 ὑπάρξειν
1059 1514 1117 1579 αύ-

89 1629 184 1696 τοῖς·
208 1619 245 1684 τὸ
269 1618 332 1702 γάρ
356 1616 577 1701 ἀδικούμενον
599 1614 649 1682 ἀεὶ
667 1616 826 1702 πολέμιον
845 1612 994 1706 εἶναιτῷ
1012 1624 1118 1704 πλημ-

93 1730 258 1811 μελοῦντι
288 1724 397 1808 φύσει.
443 1722 559 1807 η’ξίυυν
587 1747 622 1789 τε
653 1727 697 1810 μὴ
726 1734 927 1808 καταστῆσαι
958 1737 1045 1810 σφᾶς
1071 1729 1119 1804 είς

94 1832 249 1914 ἀνάγκην
272 1828 420 1915 πολέμου
442 1841 509 1895 τῶν
532 1831 673 1896 δικαίων
695 1830 993 1917 ἀποτυγχάνοντας.
1110 1854 1160 1894 '15

165 1937 207 2002 X.
243 1934 300 2014 Ὡς
332 1932 370 2000 δὲ
396 1934 486 2001 ταῦτ’
516 1933 612 2002 εἷπον
640 1938 675 2002 οί
698 1936 867 2024 πρέσβεις,
899 1937 1117 2024 ἐβουλεύοντο

97 2046 182 2111 κατὰ
212 2052 299 2128 σφᾶς
326 2043 361 2108 οί
386 2043 543 2129 σύνεδροι
571 2045 851 2130 μεταστησάμενοι
877 2048 956 2122 τοὺς
982 2047 1119 2132 ἀνδρας,

42 2149 155 2216 24καὶ
174 2148 288 2233 ἐπειδὴ
309 2151 444 2234 ἔκριναν
459 2149 497 2226 ἀς
510 2153 573 2236 χρὴ
587 2149 777 2237 ἀποκρίσεις
789 2155 1006 2237 ποιήσασθαι,
1023 2151 1118 2218 καλέ-

99 2274 217 2333 σαντες
240 2255 363 2332 αύτοὺς
384 2255 485 2321 πάλιν
508 2254 561 2322 ἐπὶ
582 2259 643 2323 τὸν
666 2259 831 2340 σύλλογον
854 2258 977 2342 ταύτην
995 2261 1117 2325 ἔδοσαν

99 2363 161 2446 την
189 2361 368 2447 ἀπόφασιν.
421 2361 472 2426 Ού
499 2363 684 2428 λανθάνετε
711 2363 812 2448 ἡμᾶς,
842 2359 868 2429 ὦ
898 2365 1118 2452 Οὐολοῦσκοι,
1132 2389 1158 2429 ιο

100 2473 215 2554 φιλίας
233 2464 295 2553 μὲν
309 2465 411 2533 οὐδέν
426 2469 591 2553 δεόμενοι,
608 2472 778 2555 πρόφασιν
792 2467 823 2536 δ’
840 2471 986 2556 εὐπρεπῆ
1004 2477 1119 2557 λαβεῖν

101 2577 302 2658 βουλόμενοι
320 2573 554 2659 τοῦπολέμου.
587 2575 608 2640 ἀ
627 2578 689 2661 γὰρ
708 2577 802 2659 ἥκετε
820 2574 897 2662 παρ’
915 2577 1010 2661 ἡμῶν
1024 2577 1119 2643 ἀπαι-

102 2691 249 2765 τοῦντες,
266 2684 374 2757 καλῶς
392 2679 572 2747 ἐπίστασθε
591 2681 749 2749 οὐδέποτε
769 2685 964 2767 ληψόμενοι·
987 2682 1118 2770 χρῄζετε

103 2788 165 2873 γὰρ
189 2785 316 2852 ἀδίκων
338 2809 373 2852 τε
396 2785 451 2852 καὶ
474 2787 659 2855 ἀδυνάτων.
696 2791 728 2853 εί
745 2785 806 2873 μὲν
826 2784 888 2855 οὖν
907 2791 1022 2867 δόντες
1039 2790 1155 2876 ἡμῑνῖ

103 2895 141 2958 τά
169 2896 274 2979 χωρία
302 2895 413 2959 ἔπειτα
440 2895 623 2979 μεταδόξαν
650 2896 732 2980 ὑμίν
754 2906 818 2961 νῦν
841 2895 1021 2981 ἀπαιτεῖτε,
1048 2896 1119 2962 ἀδι-
1133 2918 1161 2959 τε

174 3091 190 3138 ³
216 3080 400 3156 ἐρρόσθηοαν
420 3085 443 3140 0
467 3082 687 3156 ἐπερρώσθησαν
711 3103 733 3142 ο.
752 3087 896 3157 Kiessling
967 3085 1118 3160 οῬόμην]

100 3152 242 3227 Ῥωμαίων
260 3157 284 3209 Β
353 3163 369 3212 8
389 3158 540 3226 φίλους-
559 3158 719 3228 συμμάχους
736 3158 762 3212 A
830 3166 864 3215 10
883 3155 1045 3228 ἀπέφαινον
1064 3159 1119 3214 del.

104 3225 192 3282 Cobet
215 3226 280 3283 obs.
303 3247 331 3298 p.
353 3233 402 3282 157
477 3233 511 3282 14
534 3228 617 3298 φύσει
635 3230 661 3281 R
684 3232 771 3299 φασίν
796 3246 830 3285 ex
847 3231 959 3284 eorr.B
1031 3235 1066 3285 24
1089 3250 1118 3285 τε

105 3298 209 3354 adm
282 3307 317 3354 25
340 3298 540 3370 μεταδόξανΒ
563 3299 650 3366 δόξαν
669 3301 695 3353 R
719 3305 724 3369 Ι
750 3301 800 3355 ούκ
823 3301 971 3356 ἀδικεῖσθε
996 3300 1119 3356 Sintenis
1147 3303 1150 3309 '

104 3367 163 3424 Em.
181 3369 263 3426 Dion.
283 3371 322 3425 111
342 3377 376 3424 14
399 3371 469 3425 duce
488 3370 618 3438 Reiskio,
641 3371 785 3441 Kiessling
808 3371 981 3441 transposito
1000 3381 1054 3426 νῦν
1072 3389 1119 3426 vo-

106 3440 204 3496 cabulo
223 3444 321 3496 censet
339 3440 412 3496 εί-
428 3441 571 3506 δόντες-
588 3440 685 3497 ἔπειτα
703 3443 861 3513 μεταδόξαν
880 3445 947 3513 ὑμῖν
965 3444 1118 3510 ἀπαιτεῖτε,
