2424 3848
97 179 139 260 88
522 196 682 244 —z—

96 382 195 442 μενος
222 356 356 444 ἐξουσίᾳ
382 358 420 421 τό
443 380 477 421 τε
500 366 626 422 νοσοῦν
649 355 753 435 ἐξελεῖ
773 365 830 440 της
852 361 979 436 πόλεως
1002 358 1112 447 μέρος,

96 464 211 532 καὶτὸ
235 467 330 548 μήπω
355 461 604 548 διεφθαρμένον
627 463 689 528 οὐκ
713 463 802 529 ἐάσει
820 471 1025 550 κακωθῆναι,
1050 469 1111 551 ἔθη

97 570 209 638 τεκαὶ
232 573 356 654 νόμιμα
379 568 434 635 καὶ
459 571 629 653 ζηλώματα
651 574 735 654 βίων
754 572 794 636 τά
811 571 968 653 κράτιστα
986 579 1112 660 μεθαρ-

98 678 283 764 μοσάμενος
306 675 408 763 ἀρχάς
429 674 458 741 τ’
481 675 655 754 ἀποδείξας
677 676 716 753 ἃς
738 676 780 742 ἀν
802 677 919 761 ἡγῆται
943 677 1111 765 σωφρονέ-

70 802 197 850 ιστατα
224 795 291 849 τῶν
318 793 441 848 κοινῶν
469 782 731 868 ἐπιτροπεύσειν·
758 781 812 849 καὶ
840 780 930 850 ταῦτ’
958 783 1052 862 ἐντὸς
1079 783 1113 863 ἓξ

98 902 212 976 μηνῶν
236 889 486 973 διοικησάμενος
509 891 642 974 ἰδιώτης
664 885 765 966 αὖθις
786 892 877 956 ἔσται
895 893 932 957 τὸ
952 898 1113 974 τιμᾶσθαι

62 1002 202 1082 3μάνον
231 997 267 1062 ε’κ
294 997 420 1062 τούτων
448 997 576 1081 λαβών,
603 997 684 1061 ἀλλο
713 993 744 1060 δ’
772 996 885 1062 οὐθέν.
929 995 1021 1062 ταῦτ’
1050 993 1114 1063 οὖν

99 1102 347 1190 ἐνθυμηθέντες
374 1101 428 1167 καὶ
451 1104 489 1168 τὸ
513 1111 620 1188 σχῆμα
642 1111 699 1186 της
721 1106 887 1181 πολιτείας
909 1101 1004 1169 τοῦθ’
1033 1103 1115 1190 ἡγη-

100 1211 237 1295 σάμενοι
256 1209 431 1295 κράτιστον
446 1204 532 1273 εἶναι
546 1210 692 1292 μηθενὸς
705 1207 903 1274 ἀπελαύνετε
918 1211 978 1275 τὸν
994 1212 1116 1296 δῆμον,

59 1344 85 1382 10
98 1314 171 1383 ἀλλ’
195 1318 303 1401 ώσπερ
327 1314 430 1400 ἀρχάς
452 1313 689 1380 ἀποδεικνύναι
712 1317 769 1391 τὰς
790 1313 867 1380 καθ’
889 1314 1029 1382 ἕκαστον
1048 1317 1116 1383 ἐνι-

99 1426 201 1490 αυτὸν
228 1422 435 1507 ἡγησομένας
461 1432 518 1505 της
545 1424 686 1504 πόλεως,
714 1419 768 1486 καὶ
795 1425 920 1506 νόμους
947 1426 1026 1500 τοὺς
1053 1420 1117 1507 μέν

99 1532 291 1614 ἐπικυροῦν,
314 1531 392 1604 τοὺς
415 1525 445 1592 δ’
469 1526 629 1612 ἀναιρεῖν,
652 1525 706 1592 καὶ
729 1525 805 1612 περὶ
827 1526 974 1613 πολέμου
995 1528 1052 1594 καὶ
1070 1532 1155 1599 εί-ιίι

98 1641 202 1721 ρήνης
233 1636 502 1717 διαγιγνώσκειν,
535 1634 555 1699 δ
586 1632 722 1718 μέγιστοι
748 1632 803 1699 καὶ
831 1636 1017 1719 κυριώτατά
1045 1635 1116 1701 ἐστι

98 1754 164 1808 τῶν
189 1742 225 1806 ἐν
248 1751 286 1825 τη
310 1744 404 1805 πόλει
428 1738 734 1824 διαπραττομένων,
757 1742 1001 1824 μεταδεδώκατε
1025 1742 1116 1830 αύτῷ

59 1853 85 1914 ιε’
99 1847 153 1915 καὶ
177 1848 319 1924 οὐθενὸς
341 1848 469 1913 τούτων
492 1846 717 1933 αὐτοκράτορα
738 1850 935 1932 πεποιήκατε
954 1849 1018 1932 την
1035 1852 1116 1933 βου-

99 1956 174 2038 λήν·
207 1955 310 2032 ούτως
337 1951 480 2018 καὶτῶν
506 1955 726 2037 δικαστηρίων
750 1955 953 2038 μεταδίδοτε,
976 1953 1032 2019 καὶ
1055 1956 1116 2039 μά-

99 2058 190 2128 λισθ’
216 2057 300 2146 ὑπὲρ
329 2055 377 2125 ὧν
404 2062 447 2125 ἀν
473 2084 523 2137 τις
550 2062 658 2124 αἰτίαν
687 2062 744 2145 ἔχη
771 2061 833 2144 την
858 2063 957 2126 πόλιν
985 2060 1116 2128 ἀδικεῖν

100 2169 216 2234 στάσιν
239 2167 382 2250 εἰσάγων
405 2165 426 2249 ἢ
449 2166 633 2248 τυραννίδα
655 2169 974 2250 κατασκευαζόμενος
995 2167 1016 2251 η
1040 2169 1117 2255 περὶ

101 2276 282 2357 προδοσίας
313 2283 382 2349 τοῖς
410 2276 580 2356 πολεμίοις
610 2272 843 2357 διαλεγόμενος
871 2272 892 2356 η
922 2278 1054 2340 τοιοῦτό
1084 2299 1116 2341 τι

60 2349 181 2464 ἐξάλλο
204 2381 308 2445 κακὸν
331 2378 505 2464 ἐπιχειρῶν
528 2377 691 2463 πράττειν.
728 2378 795 2468 δσρο
818 2379 881 2464 γάρ
905 2378 947 2444 ἀν
965 2383 1117 2468 φοβερώ-

99 2510 196 2572 τερον
223 2485 483 2569 κατασκευάσητε
511 2487 548 2551 τὸ
571 2488 791 2570 παραβαίνειν
813 2488 890 2562 τοὺς
911 2489 1039 2570 νόμους
1061 2487 1118 2554 καί

100 2595 140 2658 τά
163 2595 225 2675 ἔθη
247 2604 353 2658 κινεῖν
376 2603 446 2668 τοῖς
467 2593 639 2676 ὑβρισταῖς
656 2589 711 2656 καὶ
729 2589 949 2675 πλεονέκταις,
971 2598 1118 2675 πολλοὺς

101 2700 298 2785 ὀφθαλμοὺς
320 2697 375 2764 καὶ
398 2699 547 2783 φύλακας
569 2697 679 2762 αὐτῶν
702 2696 944 2780 ἀποδείξαντες,
967 2702 1118 2791 τοσούτῳ

100 2818 249 2893 κρεῖττον
272 2805 353 2890 ὑμῖν
376 2803 440 2882 ἕξει
464 2804 503 2868 τά
526 2804 631 2868 κοινά.

61 2939 87 2981 ετ
167 2912 270 2977 LVII.
312 2915 421 2976 Ταῦτα
452 2908 508 2975 καὶ
540 2911 579 2974 τά
610 2912 821 2995 παραπλήσια
853 2912 983 2988 τούτοις
1014 2915 1124 2980 εἰπών

102 3019 277 3096 ἐπαύσατο.
322 3028 389 3083 τῶν
417 3012 455 3081 δὲ
482 3020 672 3101 βουλευτῶν
701 3017 736 3081 οἱ
760 3014 829 3100 μετ’
856 3017 959 3083 αὐτὸν
983 3017 1121 3085 ἀνιστά-

102 3149 196 3209 μενοι
227 3127 314 3210 πλην
347 3124 471 3207 ὀλίγων
502 3124 537 3189 οἱ
567 3120 677 3188 λοιποὶ
709 3124 810 3209 ταύτῃ
842 3122 1049 3210 προσέθεντο
1080 3134 1123 3212 τῇ

173 3323 189 3370 ὁ
218 3311 429 3387 ἐπιτροπεύσειν
457 3316 482 3369 Α
565 3321 597 3369 10
624 3312 810 3369 ἀποδείκνυτε
838 3314 890 3368 ΑΒ
918 3332 988 3370 corr.
1017 3317 1119 3372 Portus

104 3394 133 3441 11
154 3385 332 3458 ἡγησαμένας
350 3387 373 3440 Β
430 3392 462 3441 18
482 3384 682 3455 σκευαζόμενος
699 3386 721 3440 Ο
740 3403 809 3441 corr.
824 3386 928 3441 Reiske
986 3395 1018 3442 19
1038 3389 1117 3443 *τοι-

102 3458 227 3513 οῦτονΟ
289 3465 323 3513 20
342 3457 477 3512 κακῶνΒ
