2424 3848
116 170 180 235 194
537 174 703 223 -Η-

114 357 148 398 τε
176 330 231 397 καὶ
261 333 421 417 δαίμονας
443 330 602 416 ἐγγυητάς
624 333 732 398 ἔδωκα
739 382 749 417 ,
776 338 856 418 μήτε
879 333 1066 418 προδώσειν
1088 336 1128 400 τὸ

114 441 229 505 κοινὸν
253 437 362 505 αὐτῶν
385 440 464 523 μήτε
486 440 796 525 προκαταλύσεσθαι
814 440 873 505 τὸν
891 441 1050 523 πόλεμον,
1068 437 1129 505 ἐὰν

78 546 158 630 2μή
184 545 409 621 Οὐολούσκοις
431 545 532 609 άπασι
556 546 644 629 δοκῇ.
690 546 792 622 θεούς
814 568 849 610 τε
871 546 913 629 δή
937 548 1130 630 σεβόμενος,

114 650 173 726 οὓς
192 651 315 735 ώμοσα,
338 646 393 715 καὶ
411 648 611 736 ἀνθρώπους
630 650 838 735 αἰδούμενος,
856 641 907 728 οἷς
924 651 983 728 τάς
1001 653 1203 728 πίστειςιοιε

86 757 232 840 εέδωκα,
254 758 430 841 πολεμήσω
448 753 619 840 Ῥωμαίοις
641 757 717 841 άχρι
735 753 858 833 τέλους.
904 755 963 822 ἐὰν
986 754 1019 822 δ’
1046 756 1129 824 ἀπο-

114 864 233 928 διδῶσι
255 863 316 946 τήν
339 864 452 948 χώραν
474 862 709 945 Οὐολούσκοις,
732 861 775 945 ἣν
797 859 992 948 κατέχουσιν
1016 862 1129 929 αὐτῶν

113 972 188 1056 βία,
224 966 279 1033 καὶ
311 971 430 1053 φίλους
462 968 583 1044 αὐτοὺς
614 969 817 1051 ποιήσωνται
848 968 983 1033 πάντων
1014 967 1131 1046 αὐτοῖς

113 1076 345 1159 μεταδιδόντες
375 1085 441 1139 τῶν
472 1079 554 1138 ῖσων
583 1074 693 1159 ὥσπερ
722 1077 895 1156 Λατίνοις,
928 1075 1128 1160 διαλύσομαι

77 1182 172 1251 3τὸν
199 1182 283 1266 πρὸς
310 1180 433 1257 αὐτοὺς
463 1182 621 1264 πόλεμον·
654 1180 762 1257 άλλως
789 1176 819 1245 δ’
847 1182 897 1246 οὐ.
942 1181 1036 1264 ὑμεῖς
1065 1179 1129 1266 μέν

73 1309 99 1349 10
113 1282 187 1370 οὐν,
211 1281 236 1350 ὦ
260 1297 426 1370 γυναῖκες,
449 1287 541 1351 άπιτε
565 1283 619 1351 καλ
642 1284 751 1370 λέγετε
769 1297 838 1363 τοῖς
859 1285 1001 1372 ἀνδράσι
1023 1296 1129 1353 ταῦτα

112 1390 167 1459 καὶ
204 1395 335 1457 πείθετε
376 1392 497 1469 αὐτοὺς
528 1392 572 1476 μή
605 1396 806 1477 φιλοχωρεῖν
838 1404 908 1470 τοῖς
940 1393 1131 1476 ἀλλοτρίοις

112 1497 244 1580 ἀδίκως,
267 1494 339 1562 ἀλλ’
362 1497 504 1581 ἀγαπᾶν,
528 1497 586 1563 ἐὰν
608 1498 649 1562 τά
672 1495 799 1563 ἑαυτῶν
822 1500 909 1583 ἔχειν
932 1522 982 1577 τις
1006 1499 1131 1577 αὐτοὺς

113 1603 162 1690 ἐᾷ,
185 1601 262 1687 μηδ’
285 1602 336 1667 ὅτι
359 1602 492 1691 πολέμῳ
517 1606 674 1687 λαβόντες
696 1606 809 1689 έχουσι
831 1605 871 1670 τά
891 1605 1130 1691 Οὐολούσκων,

112 1707 313 1793 περιμένειν,
335 1707 397 1785 ἕως
419 1706 551 1797 πολέμῳ
574 1710 674 1774 πάλιν
693 1709 775 1774 αὐτά
793 1711 858 1776 ὑπὸ
882 1712 1009 1776 τούτων
1029 1711 1129 1797 ἀφαι-

73 1835 99 1875 15
113 1821 268 1900 ρεθῶσιν.
315 1815 355 1879 ού
379 1815 441 1899 γάρ
465 1813 644 1901 ἀποχρήσει
666 1827 736 1892 τοῖς
758 1826 915 1901 κρατοῦσι
937 1818 977 1881 τά
998 1814 1129 1883 ἑαυτῶν

112 1923 218 2004 μόνον
241 1919 430 2005 ἀπολαβεῖν,
459 1919 542 1985 ἀλλά
566 1919 621 1986 καὶ
644 1920 684 1986 τά
707 1932 774 1986 τῶν
796 1920 1031 2007 κρατηθέντων
1056 1926 1128 1990 ἴδια

112 2024 311 2104 ἀξιώσουσιν
343 2030 439 2112 ἔχειν.
495 2025 553 2091 ἐὰν
587 2023 623 2091 δὲ
656 2031 884 2113 περιεχόμενοι
916 2040 982 2094 τῶν
1015 2028 1128 2115 μηθὲν

112 2132 225 2209 αὐτοῖς
253 2136 489 2218 προσηκόντων
520 2142 588 2198 πάν
621 2133 734 2199 ὁτιοῦν
764 2134 903 2220 πάσχειν
935 2134 1127 2220 ὑπομένωσι

111 2237 331 2323 φυλάττοντες
353 2240 390 2304 τὸ
414 2238 571 2322 αὔθαδες,
594 2237 742 2316 ἐκείνους
764 2240 954 2306 αἰτιάσεσθε
975 2252 1043 2306 τῶν
1065 2259 1199 2310 noc-1615

72 2365 98 2405 νο
111 2340 349 2426 ταληύομένων
377 2354 503 2426 κακῶν,
531 2343 572 2409 οὐ
599 2344 755 2429 Μάρκιον
783 2342 862 2411 οὐδὲ
891 2345 1129 2426 Οὐολούσκους

75 2444 193 2518 4οὐδὲ
225 2449 335 2533 <τῶν>
363 2449 473 2513 ἀλλων
505 2449 695 2536 ἀνθρώπων
731 2448 862 2517 οὐδένα.
917 2462 979 2518 σού
1011 2451 1065 2538 δέ,
1099 2450 1127 2519 ώ

111 2562 228 2640 μήτερ,
255 2553 292 2620 έν
319 2551 411 2640 μέρει
437 2555 538 2620 πάλιν
560 2556 634 2633 υίὸς
662 2557 709 2621 ὢν
737 2556 800 2640 ἐγώ
832 2556 948 2642 δέομαι
971 2561 1016 2643 μή
1039 2559 1126 2645 <με>

110 2664 313 2746 παρακαλεῖν
343 2662 390 2736 είς
422 2659 578 2737 ἀνοσίους
608 2661 741 2746 προέξεις
769 2661 825 2728 καὶ
856 2662 1009 2750 ἀδίκους,
1040 2664 1127 2751 μηδὲ

111 2767 191 2851 μετά
220 2777 287 2830 τῶν
318 2764 478 2850 ἐχθίστων
512 2764 588 2850 ἐμοί
616 2790 650 2833 τε
681 2766 736 2834 καὶ
768 2778 888 2856 σεαυτή
920 2771 1126 2858 τεταγμένην

71 2896 97 2938 ιε
111 2875 288 2956 πολεμίους
314 2871 469 2955 ήγεῖσθαι
496 2875 574 2951 τοὺς
602 2873 892 2957 ἀναγκαιοτάτους·
926 2876 1009 2943 ἀλλὰ
1040 2877 1120 2966 παρ’

112 2976 184 3063 ἐμοὶ
206 2974 390 3062 γενομένην
411 2979 519 3065 ὥσπερ
544 2977 612 3045 ἐστὶ
637 2983 766 3048 δίκαιον
783 2984 925 3067 πατρίδα
943 3006 978 3049 τε
996 2983 1125 3070 νέμειν,

183 3204 488 3275 θαροκαταλύσασθαι
508 3206 530 3261 0
554 3210 666 3275 μετιεῖσι
688 3210 711 3262 Β
820 3217 834 3265 7
860 3212 889 3264 et
911 3230 938 3266 v.
963 3216 996 3264 12
1022 3212 1126 3275 αὐτοῖς

112 3275 176 3329 add.
197 3277 218 3329 Β
293 3283 325 3330 19
345 3275 477 3332 αἰτιᾶσθε
496 3276 519 3333 O
539 3278 701 3335 αἰτιάσεσθε
721 3279 810 3336 Cobet
829 3281 894 3336 Obs.
913 3299 941 3352 p.
957 3285 1010 3337 166
1090 3289 1122 3336 21

112 3353 167 3399 τῶν
186 3345 250 3398 add.
272 3346 361 3400 Cobet
378 3348 396 3402 1.
412 3348 428 3402 l.
445 3351 449 3419 Ι
466 3348 549 3403 ἀλλον
567 3351 614 3405 Ba
632 3349 722 3407 ἀλλων
736 3351 812 3407 ABb
886 3358 919 3407 22
940 3347 970 3409 έν
989 3358 1027 3424 τῷ
1046 3351 1127 3425 μέρει

112 3431 135 3477 ο.
154 3415 298 3484 Kiessling
313 3421 317 3487 Ι
333 3437 367 3488 με
386 3419 449 3474 add.
469 3419 613 3490 Kiessling

65 3576 183 3616 A
