<?xml version="1.0" encoding="UTF-8"?>
<!DOCTYPE html PUBLIC "-//W3C//DTD XHTML 1.0 Transitional//EN"
    "http://www.w3.org/TR/xhtml1/DTD/xhtml1-transitional.dtd">
<html xmlns="http://www.w3.org/1999/xhtml" xml:lang="en" lang="en">
 <head>
  <title>
</title>
<meta http-equiv="Content-Type" content="text/html;charset=utf-8" />
  <meta name='ocr-system' content='tesseract 3.04.00' />
  <meta name='ocr-capabilities' content='ocr_page ocr_carea ocr_par ocr_line ocrx_word'/>
</head>
<body>
  <div class='ocr_page' id='page_1' title='image "./dionysihalicarn04diongoog_0017.png"; bbox 0 0 2424 3848; ppageno 0'>
   <div class='ocr_carea' id='block_1_1' title="bbox 87 185 675 249">
    <p class='ocr_par' dir='ltr' id='par_1_1' title="bbox 87 185 675 249">
     <span class='ocr_line' id='line_1_1' title="bbox 87 185 675 249; baseline -0.005 0"><span class='ocrx_word' id='word_1_1' title='bbox 87 185 108 249; x_wconf 86' lang='lat'>8</span> <span class='ocrx_word' id='word_1_2' title='bbox 514 189 675 236; x_wconf 86' lang='lat' dir='ltr'><strong><em>-z-</em></strong></span> 
     </span>
    </p>
   </div>
   <div class='ocr_carea' id='block_1_2' title="bbox 12 343 1179 3180">
    <p class='ocr_par' dir='ltr' id='par_1_2' title="bbox 87 343 1102 432">
     <span class='ocr_line' id='line_1_2' title="bbox 87 343 1102 432; baseline -0.001 -22"><span class='ocrx_word' id='word_1_3' title='bbox 87 368 122 410; x_wconf 92' lang='grc' dir='ltr'><strong><em>τε</em></strong></span> <span class='ocrx_word' id='word_1_4' title='bbox 150 343 398 432; x_wconf 79' lang='grc' dir='ltr'><strong><em>κεχαρισμένοις</em></strong></span> <span class='ocrx_word' id='word_1_5' title='bbox 425 345 668 430; x_wconf 77' lang='grc' dir='ltr'><em>ἀναλαμβάνων</em></span> <span class='ocrx_word' id='word_1_6' title='bbox 696 344 752 410; x_wconf 80' lang='grc' dir='ltr'><strong><em>καὶ</em></strong></span> <span class='ocrx_word' id='word_1_7' title='bbox 777 349 856 422; x_wconf 86' lang='grc' dir='ltr'><strong><em>τοὺς</em></strong></span> <span class='ocrx_word' id='word_1_8' title='bbox 879 343 1102 430; x_wconf 80' lang='grc' dir='ltr'><strong><em>σφετεριζομέ-</em></strong></span> 
     </span>
    </p>

    <p class='ocr_par' dir='ltr' id='par_1_3' title="bbox 87 449 1102 538">
     <span class='ocr_line' id='line_1_3' title="bbox 87 449 1102 538; baseline -0.003 -20"><span class='ocrx_word' id='word_1_9' title='bbox 87 476 169 529; x_wconf 94' lang='grc' dir='ltr'><strong><em>νους</em></strong></span> <span class='ocrx_word' id='word_1_10' title='bbox 194 452 234 517; x_wconf 89' lang='grc' dir='ltr'><strong><em>τδι</em></strong></span> <span class='ocrx_word' id='word_1_11' title='bbox 262 453 358 516; x_wconf 89' lang='grc' dir='ltr'><strong><em>κοινδι</em></strong></span> <span class='ocrx_word' id='word_1_12' title='bbox 385 461 451 517; x_wconf 91' lang='grc' dir='ltr'><strong><em>τῶν</em></strong></span> <span class='ocrx_word' id='word_1_13' title='bbox 480 454 632 517; x_wconf 91' lang='grc' dir='ltr'><strong><em>δυνατῶν</em></strong></span> <span class='ocrx_word' id='word_1_14' title='bbox 661 449 839 538; x_wconf 77' lang='grc' dir='ltr'><em>ἐξελέγχων</em></span> <span class='ocrx_word' id='word_1_15' title='bbox 867 450 923 517; x_wconf 80' lang='grc' dir='ltr'><strong><em>καὶ</em></strong></span> <span class='ocrx_word' id='word_1_16' title='bbox 950 450 1013 515; x_wconf 90' lang='grc' dir='ltr'><strong><em>ἀπὸ</em></strong></span> <span class='ocrx_word' id='word_1_17' title='bbox 1035 461 1102 515; x_wconf 91' lang='grc' dir='ltr'><strong><em>Ιτῶν</em></strong></span> 
     </span>
    </p>

    <p class='ocr_par' dir='ltr' id='par_1_4' title="bbox 90 552 1102 644">
     <span class='ocr_line' id='line_1_4' title="bbox 90 552 1102 644; baseline -0.003 -21"><span class='ocrx_word' id='word_1_18' title='bbox 90 555 209 624; x_wconf 80' lang='grc' dir='ltr'><strong><em>ἑαυτοῦ</em></strong></span> <span class='ocrx_word' id='word_1_19' title='bbox 232 557 407 644; x_wconf 80' lang='grc' dir='ltr'><strong><em>χρημάτων</em></strong></span> <span class='ocrx_word' id='word_1_20' title='bbox 425 561 569 634; x_wconf 85' lang='grc' dir='ltr'><strong><em>πολλοὺς</em></strong></span> <span class='ocrx_word' id='word_1_21' title='bbox 586 568 652 622; x_wconf 94' lang='grc' dir='ltr'><strong><em>τῶν</em></strong></span> <span class='ocrx_word' id='word_1_22' title='bbox 671 560 822 642; x_wconf 92' lang='grc' dir='ltr'><strong><em>πενήτων</em></strong></span> <span class='ocrx_word' id='word_1_23' title='bbox 841 552 879 622; x_wconf 84' lang='grc' dir='ltr'><strong><em>εὖ</em></strong></span> <span class='ocrx_word' id='word_1_24' title='bbox 898 568 1017 624; x_wconf 85' lang='grc' dir='ltr'><strong><em>ποιῶν·</em></strong></span> <span class='ocrx_word' id='word_1_25' title='bbox 1047 555 1102 621; x_wconf 83' lang='grc' dir='ltr'><strong><em>καὶ</em></strong></span> 
     </span>
    </p>

    <p class='ocr_par' dir='ltr' id='par_1_5' title="bbox 62 660 1173 854">
     <span class='ocr_line' id='line_1_5' title="bbox 89 660 1173 749; baseline -0.003 -21"><span class='ocrx_word' id='word_1_26' title='bbox 89 660 131 747; x_wconf 78' lang='grc' dir='ltr'><strong><em>ἦν</em></strong></span> <span class='ocrx_word' id='word_1_27' title='bbox 152 675 221 739; x_wconf 78' lang='grc' dir='ltr'><strong><em>τοῖς</em></strong></span> <span class='ocrx_word' id='word_1_28' title='bbox 240 665 459 748; x_wconf 78' lang='grc' dir='ltr'><strong><em>προεστηκόσι</em></strong></span> <span class='ocrx_word' id='word_1_29' title='bbox 478 671 536 746; x_wconf 77' lang='grc' dir='ltr'><strong><em>τῆς</em></strong></span> <span class='ocrx_word' id='word_1_30' title='bbox 556 661 805 749; x_wconf 80' lang='grc' dir='ltr'><strong><em>ἀριστοκρατίας</em></strong></span> <span class='ocrx_word' id='word_1_31' title='bbox 824 664 880 727; x_wconf 88' lang='grc' dir='ltr'><strong><em>διδι</em></strong></span> <span class='ocrx_word' id='word_1_32' title='bbox 897 661 989 729; x_wconf 79' lang='grc' dir='ltr'><strong><em>ταῦτ’</em></strong></span> <span class='ocrx_word' id='word_1_33' title='bbox 1007 662 1173 747; x_wconf 55' lang='lat' dir='ltr'>&amp;wax-1321</span> 
     </span>
     <span class='ocr_line' id='line_1_6' title="bbox 62 767 406 854; baseline 0.006 -24"><span class='ocrx_word' id='word_1_34' title='bbox 62 771 155 854; x_wconf 77' lang='grc' dir='ltr'><strong><em>εθής</em></strong></span> <span class='ocrx_word' id='word_1_35' title='bbox 177 767 233 833; x_wconf 75' lang='grc' dir='ltr'><strong><em>καὶ</em></strong></span> <span class='ocrx_word' id='word_1_36' title='bbox 255 771 406 852; x_wconf 84' lang='grc' dir='ltr'><strong><em>φοβερός.</em></strong></span> 
     </span>
    </p>

    <p class='ocr_par' dir='ltr' id='par_1_6' title="bbox 89 870 1104 1278">
     <span class='ocr_line' id='line_1_7' title="bbox 156 870 1102 960; baseline -0.003 -21"><span class='ocrx_word' id='word_1_37' title='bbox 156 873 195 939; x_wconf 91' lang='lat' dir='ltr'><strong><em>V.</em></strong></span> <span class='ocrx_word' id='word_1_38' title='bbox 219 876 367 960; x_wconf 78' lang='grc' dir='ltr'><strong><em>Είκοστχῶ</em></strong></span> <span class='ocrx_word' id='word_1_39' title='bbox 392 870 422 937; x_wconf 84' lang='grc' dir='ltr'><strong><em>δ’</em></strong></span> <span class='ocrx_word' id='word_1_40' title='bbox 445 873 585 959; x_wconf 80' lang='grc' dir='ltr'><strong><em>ὕστερον</em></strong></span> <span class='ocrx_word' id='word_1_41' title='bbox 609 875 673 938; x_wconf 87' lang='grc' dir='ltr'><strong><em>έτει</em></strong></span> <span class='ocrx_word' id='word_1_42' title='bbox 695 883 753 958; x_wconf 77' lang='grc' dir='ltr'><strong><em>τῆς</em></strong></span> <span class='ocrx_word' id='word_1_43' title='bbox 774 876 857 960; x_wconf 85' lang='grc' dir='ltr'><strong><em>πρὸς</em></strong></span> <span class='ocrx_word' id='word_1_44' title='bbox 879 876 957 950; x_wconf 87' lang='grc' dir='ltr'><strong><em>τοὺς</em></strong></span> <span class='ocrx_word' id='word_1_45' title='bbox 979 874 1102 956; x_wconf 79' lang='grc' dir='ltr'><strong><em>βαρβά-</em></strong></span> 
     </span>
     <span class='ocr_line' id='line_1_8' title="bbox 91 973 1103 1067; baseline -0.004 -21"><span class='ocrx_word' id='word_1_46' title='bbox 91 1004 170 1067; x_wconf 92' lang='grc' dir='ltr'><strong><em>ρους</em></strong></span> <span class='ocrx_word' id='word_1_47' title='bbox 197 979 301 1064; x_wconf 86' lang='grc' dir='ltr'><strong><em>μάχης</em></strong></span> <span class='ocrx_word' id='word_1_48' title='bbox 327 973 435 1062; x_wconf 77' lang='grc' dir='ltr'><strong><em>ήλδον</em></strong></span> <span class='ocrx_word' id='word_1_49' title='bbox 464 979 509 1055; x_wconf 84' lang='grc' dir='ltr'><strong><em>ὡς</em></strong></span> <span class='ocrx_word' id='word_1_50' title='bbox 531 982 609 1056; x_wconf 87' lang='grc' dir='ltr'><strong><em>τοὺς</em></strong></span> <span class='ocrx_word' id='word_1_51' title='bbox 631 982 803 1063; x_wconf 79' lang='grc' dir='ltr'><strong><em>Κυμαίους</em></strong></span> <span class='ocrx_word' id='word_1_52' title='bbox 822 976 1005 1064; x_wconf 78' lang='grc' dir='ltr'><strong><em>Ἀρικηνῶν</em></strong></span> <span class='ocrx_word' id='word_1_53' title='bbox 1027 977 1103 1064; x_wconf 90' lang='grc' dir='ltr'><strong><em>πρέ-</em></strong></span> 
     </span>
     <span class='ocr_line' id='line_1_9' title="bbox 91 1079 1103 1171; baseline -0.002 -20"><span class='ocrx_word' id='word_1_54' title='bbox 91 1089 181 1169; x_wconf 83' lang='grc' dir='ltr'><strong><em>σβεις</em></strong></span> <span class='ocrx_word' id='word_1_55' title='bbox 200 1089 263 1150; x_wconf 89' lang='grc' dir='ltr'><strong><em>σὺν</em></strong></span> <span class='ocrx_word' id='word_1_56' title='bbox 275 1079 459 1171; x_wconf 75' lang='grc' dir='ltr'><strong><em>’ἱκετηρίαις</em></strong></span> <span class='ocrx_word' id='word_1_57' title='bbox 478 1084 646 1163; x_wconf 81' lang='grc' dir='ltr'><strong><em>ἀξιοῦντες</em></strong></span> <span class='ocrx_word' id='word_1_58' title='bbox 664 1085 784 1162; x_wconf 82' lang='grc' dir='ltr'><strong><em>αὐτοὺς</em></strong></span> <span class='ocrx_word' id='word_1_59' title='bbox 802 1089 969 1169; x_wconf 74' lang='grc' dir='ltr'><strong><em>βοηθῆσαι</em></strong></span> <span class='ocrx_word' id='word_1_60' title='bbox 988 1089 1103 1169; x_wconf 90' lang='grc' dir='ltr'><strong><em>σφίσιν</em></strong></span> 
     </span>
     <span class='ocr_line' id='line_1_10' title="bbox 89 1190 1104 1278; baseline -0.002 -22"><span class='ocrx_word' id='word_1_61' title='bbox 89 1191 155 1256; x_wconf 84' lang='grc' dir='ltr'><strong><em>ὑπὸ</em></strong></span> <span class='ocrx_word' id='word_1_62' title='bbox 175 1195 357 1278; x_wconf 81' lang='grc' dir='ltr'><strong><em>Τυρρηνῶν</em></strong></span> <span class='ocrx_word' id='word_1_63' title='bbox 375 1190 644 1274; x_wconf 89' lang='grc' dir='ltr'><strong><em>πολεμουμένοις.</em></strong></span> <span class='ocrx_word' id='word_1_64' title='bbox 672 1192 752 1275; x_wconf 83' lang='grc' dir='ltr'><strong><em>μετὰ</em></strong></span> <span class='ocrx_word' id='word_1_65' title='bbox 766 1193 829 1274; x_wconf 77' lang='grc' dir='ltr'><strong><em>γὰρ</em></strong></span> <span class='ocrx_word' id='word_1_66' title='bbox 844 1192 901 1267; x_wconf 87' lang='grc' dir='ltr'><strong><em>τδις</em></strong></span> <span class='ocrx_word' id='word_1_67' title='bbox 914 1191 1104 1274; x_wconf 78' lang='grc' dir='ltr'><strong><em>διαλλαγάς,</em></strong></span> 
     </span>
    </p>

    <p class='ocr_par' dir='ltr' id='par_1_7' title="bbox 12 1293 1179 3180">
     <span class='ocr_line' id='line_1_11' title="bbox 52 1293 1104 1380; baseline 0.003 -22"><span class='ocrx_word' id='word_1_68' title='bbox 52 1317 78 1358; x_wconf 89' lang='lat'><strong><em>1⁰</em></strong></span> <span class='ocrx_word' id='word_1_69' title='bbox 93 1297 130 1374; x_wconf 82' lang='grc' dir='ltr'><strong><em>δς</em></strong></span> <span class='ocrx_word' id='word_1_70' title='bbox 154 1297 329 1380; x_wconf 91' lang='grc' dir='ltr'><strong><em>έποιήσατο</em></strong></span> <span class='ocrx_word' id='word_1_71' title='bbox 348 1299 431 1379; x_wconf 86' lang='grc' dir='ltr'><strong><em>πρὸς</em></strong></span> <span class='ocrx_word' id='word_1_72' title='bbox 449 1297 510 1380; x_wconf 88' lang='grc' dir='ltr'><strong><em>τήν</em></strong></span> <span class='ocrx_word' id='word_1_73' title='bbox 523 1293 692 1379; x_wconf 89' lang='grc' dir='ltr'><strong><em>Ῥωμαίων</em></strong></span> <span class='ocrx_word' id='word_1_74' title='bbox 709 1298 807 1361; x_wconf 92' lang='grc' dir='ltr'><strong><em>πόλιν</em></strong></span> <span class='ocrx_word' id='word_1_75' title='bbox 828 1295 845 1360; x_wconf 93' lang='grc' dir='ltr'>ὁ</span> <span class='ocrx_word' id='word_1_76' title='bbox 865 1298 1020 1378; x_wconf 81' lang='grc' dir='ltr'><strong><em>βασιλεὺς</em></strong></span> <span class='ocrx_word' id='word_1_77' title='bbox 1037 1307 1104 1361; x_wconf 90' lang='grc' dir='ltr'><strong><em>τῶν</em></strong></span> 
     </span>
     <span class='ocr_line' id='line_1_12' title="bbox 96 1399 1106 1490; baseline -0.003 -22"><span class='ocrx_word' id='word_1_78' title='bbox 96 1407 277 1490; x_wconf 84' lang='grc' dir='ltr'><strong><em>Τυρρηνῶν</em></strong></span> <span class='ocrx_word' id='word_1_79' title='bbox 296 1405 478 1487; x_wconf 85' lang='grc' dir='ltr'><strong><em>Πορσίνας,</em></strong></span> <span class='ocrx_word' id='word_1_80' title='bbox 499 1403 559 1465; x_wconf 92' lang='grc' dir='ltr'><strong><em>τὸν</em></strong></span> <span class='ocrx_word' id='word_1_81' title='bbox 581 1401 657 1466; x_wconf 85' lang='grc' dir='ltr'><strong><em>νίὸν</em></strong></span> <span class='ocrx_word' id='word_1_82' title='bbox 671 1399 836 1486; x_wconf 73' lang='grc' dir='ltr'><strong><em>’Ἀρροντα</em></strong></span> <span class='ocrx_word' id='word_1_83' title='bbox 855 1401 936 1477; x_wconf 87' lang='grc' dir='ltr'><strong><em>δοὺς</em></strong></span> <span class='ocrx_word' id='word_1_84' title='bbox 953 1402 1014 1485; x_wconf 88' lang='grc' dir='ltr'><strong><em>τήν</em></strong></span> <span class='ocrx_word' id='word_1_85' title='bbox 1032 1401 1106 1485; x_wconf 79' lang='grc' dir='ltr'><strong><em>ἡμί-</em></strong></span> 
     </span>
     <span class='ocr_line' id='line_1_13' title="bbox 92 1506 1106 1592; baseline -0.004 -17"><span class='ocrx_word' id='word_1_86' title='bbox 92 1527 185 1575; x_wconf 89' lang='grc' dir='ltr'><strong><em>σειαν</em></strong></span> <span class='ocrx_word' id='word_1_87' title='bbox 216 1517 274 1590; x_wconf 82' lang='grc' dir='ltr'><strong><em>τής</em></strong></span> <span class='ocrx_word' id='word_1_88' title='bbox 306 1515 459 1592; x_wconf 81' lang='grc' dir='ltr'><strong><em>στρατιᾶς</em></strong></span> <span class='ocrx_word' id='word_1_89' title='bbox 488 1508 633 1589; x_wconf 81' lang='grc' dir='ltr'><strong><em>ἔπεμψεν</em></strong></span> <span class='ocrx_word' id='word_1_90' title='bbox 664 1508 754 1571; x_wconf 91' lang='grc' dir='ltr'><strong><em>ίδίαν</em></strong></span> <span class='ocrx_word' id='word_1_91' title='bbox 785 1506 889 1592; x_wconf 87' lang='grc' dir='ltr'><strong><em>ἀρχήν</em></strong></span> <span class='ocrx_word' id='word_1_92' title='bbox 919 1510 1106 1590; x_wconf 77' lang='grc' dir='ltr'><strong><em>κτήσασθαι</em></strong></span> 
     </span>
     <span class='ocr_line' id='line_1_14' title="bbox 93 1612 1104 1700; baseline -0.003 -19"><span class='ocrx_word' id='word_1_93' title='bbox 93 1617 312 1700; x_wconf 81' lang='grc' dir='ltr'><strong><em>βουλόμενον,</em></strong></span> <span class='ocrx_word' id='word_1_94' title='bbox 335 1614 379 1689; x_wconf 83' lang='grc' dir='ltr'><strong><em>ὡς</em></strong></span> <span class='ocrx_word' id='word_1_95' title='bbox 403 1612 439 1677; x_wconf 87' lang='grc' dir='ltr'><strong><em>έν</em></strong></span> <span class='ocrx_word' id='word_1_96' title='bbox 456 1623 532 1688; x_wconf 75' lang='grc' dir='ltr'><strong><em>τοῖς</em></strong></span> <span class='ocrx_word' id='word_1_97' title='bbox 554 1615 618 1699; x_wconf 90' lang='grc' dir='ltr'><strong><em>πρὸ</em></strong></span> <span class='ocrx_word' id='word_1_98' title='bbox 641 1614 761 1679; x_wconf 89' lang='grc' dir='ltr'><strong><em>τούτου</em></strong></span> <span class='ocrx_word' id='word_1_99' title='bbox 786 1614 957 1694; x_wconf 74' lang='grc' dir='ltr'><strong><em>δεδήλωκα</em></strong></span> <span class='ocrx_word' id='word_1_100' title='bbox 980 1617 1104 1696; x_wconf 81' lang='grc' dir='ltr'><strong><em>λόχοις·</em></strong></span> 
     </span>
     <span class='ocr_line' id='line_1_15' title="bbox 93 1715 1106 1805; baseline -0.003 -19"><span class='ocrx_word' id='word_1_101' title='bbox 93 1721 129 1798; x_wconf 84' lang='grc' dir='ltr'><strong><em>ὃς</em></strong></span> <span class='ocrx_word' id='word_1_102' title='bbox 152 1719 337 1805; x_wconf 79' lang='grc' dir='ltr'><strong><em>ἐπολιόρκει</em></strong></span> <span class='ocrx_word' id='word_1_103' title='bbox 359 1721 432 1784; x_wconf 93' lang='grc' dir='ltr'><strong><em>τότε</em></strong></span> <span class='ocrx_word' id='word_1_104' title='bbox 453 1721 530 1794; x_wconf 91' lang='grc' dir='ltr'><strong><em>τοὺς</em></strong></span> <span class='ocrx_word' id='word_1_105' title='bbox 544 1715 738 1804; x_wconf 82' lang='grc' dir='ltr'><strong><em>Ἀρικηνοὺς</em></strong></span> <span class='ocrx_word' id='word_1_106' title='bbox 756 1723 1042 1803; x_wconf 77' lang='grc' dir='ltr'><strong><em>καταπεφευγότας</em></strong></span> <span class='ocrx_word' id='word_1_107' title='bbox 1060 1723 1106 1796; x_wconf 90' lang='grc' dir='ltr'><strong><em>είς</em></strong></span> 
     </span>
     <span class='ocr_line' id='line_1_16' title="bbox 53 1823 1107 1911; baseline 0.004 -25"><span class='ocrx_word' id='word_1_108' title='bbox 53 1845 79 1886; x_wconf 77' lang='lat'><strong><em>15</em></strong></span> <span class='ocrx_word' id='word_1_109' title='bbox 92 1830 130 1892; x_wconf 85' lang='grc' dir='ltr'><strong><em>τὸ</em></strong></span> <span class='ocrx_word' id='word_1_110' title='bbox 153 1837 259 1911; x_wconf 77' lang='grc' dir='ltr'><strong><em>τεῖχος</em></strong></span> <span class='ocrx_word' id='word_1_111' title='bbox 280 1823 336 1890; x_wconf 80' lang='grc' dir='ltr'><strong><em>καὶ</em></strong></span> <span class='ocrx_word' id='word_1_112' title='bbox 359 1824 399 1890; x_wconf 86' lang='grc' dir='ltr'><strong><em>οὐ</em></strong></span> <span class='ocrx_word' id='word_1_113' title='bbox 423 1824 478 1887; x_wconf 81' lang='grc' dir='ltr'><strong><em>διὰ</em></strong></span> <span class='ocrx_word' id='word_1_114' title='bbox 502 1834 630 1906; x_wconf 84' lang='grc' dir='ltr'><strong><em>μακροῦ</em></strong></span> <span class='ocrx_word' id='word_1_115' title='bbox 653 1829 736 1909; x_wconf 81' lang='grc' dir='ltr'><strong><em>λιμῷ</em></strong></span> <span class='ocrx_word' id='word_1_116' title='bbox 759 1826 821 1907; x_wconf 87' lang='grc' dir='ltr'><strong><em>τήν</em></strong></span> <span class='ocrx_word' id='word_1_117' title='bbox 839 1828 937 1889; x_wconf 90' lang='grc' dir='ltr'><strong><em>πόλιν</em></strong></span> <span class='ocrx_word' id='word_1_118' title='bbox 956 1827 1107 1910; x_wconf 88' lang='grc' dir='ltr'><strong><em>αίρήσειν</em></strong></span> 
     </span>
     <span class='ocr_line' id='line_1_17' title="bbox 12 1929 1107 2021; baseline -0.004 -21"><span class='ocrx_word' id='word_1_119' title='bbox 12 1983 15 1986; x_wconf 25' lang='grc' dir='ltr'><strong><em>ι</em></strong></span> <span class='ocrx_word' id='word_1_120' title='bbox 58 1931 186 2021; x_wconf 75' lang='grc' dir='ltr'><strong><em>2ήίετο.</em></strong></span> <span class='ocrx_word' id='word_1_121' title='bbox 231 1932 349 2014; x_wconf 87' lang='grc' dir='ltr'><strong><em>ταύτης</em></strong></span> <span class='ocrx_word' id='word_1_122' title='bbox 375 1939 432 2014; x_wconf 83' lang='grc' dir='ltr'><strong><em>τής</em></strong></span> <span class='ocrx_word' id='word_1_123' title='bbox 459 1933 634 2015; x_wconf 83' lang='grc' dir='ltr'><strong><em>πρεσβείας</em></strong></span> <span class='ocrx_word' id='word_1_124' title='bbox 661 1929 862 2015; x_wconf 89' lang='grc' dir='ltr'><strong><em>ἀφικομένης</em></strong></span> <span class='ocrx_word' id='word_1_125' title='bbox 890 1931 925 1996; x_wconf 88' lang='grc' dir='ltr'><strong><em>οί</em></strong></span> <span class='ocrx_word' id='word_1_126' title='bbox 949 1948 1107 2016; x_wconf 87' lang='grc' dir='ltr'><strong><em>προεστη-</em></strong></span> 
     </span>
     <span class='ocr_line' id='line_1_18' title="bbox 93 2032 1107 2123; baseline -0.003 -19"><span class='ocrx_word' id='word_1_127' title='bbox 93 2042 186 2115; x_wconf 91' lang='grc' dir='ltr'><strong><em>κότες</em></strong></span> <span class='ocrx_word' id='word_1_128' title='bbox 216 2046 273 2120; x_wconf 75' lang='grc' dir='ltr'><strong><em>τῆς</em></strong></span> <span class='ocrx_word' id='word_1_129' title='bbox 304 2036 555 2123; x_wconf 81' lang='grc' dir='ltr'><strong><em>ἀριστοκρατίας</em></strong></span> <span class='ocrx_word' id='word_1_130' title='bbox 587 2045 760 2119; x_wconf 84' lang='grc' dir='ltr'><strong><em>μισοῦντες</em></strong></span> <span class='ocrx_word' id='word_1_131' title='bbox 787 2038 845 2101; x_wconf 84' lang='grc' dir='ltr'><strong><em>τὸν</em></strong></span> <span class='ocrx_word' id='word_1_132' title='bbox 869 2032 1107 2121; x_wconf 82' lang='grc' dir='ltr'><strong><em>Ἀριστόδημον</em></strong></span> 
     </span>
     <span class='ocr_line' id='line_1_19' title="bbox 94 2140 1107 2227; baseline -0.005 -16"><span class='ocrx_word' id='word_1_133' title='bbox 94 2144 149 2211; x_wconf 77' lang='grc' dir='ltr'><strong><em>καὶ</em></strong></span> <span class='ocrx_word' id='word_1_134' title='bbox 173 2145 329 2225; x_wconf 84' lang='grc' dir='ltr'><strong><em>δεδιότες,</em></strong></span> <span class='ocrx_word' id='word_1_135' title='bbox 352 2145 396 2226; x_wconf 90' lang='grc' dir='ltr'><strong><em>μή</em></strong></span> <span class='ocrx_word' id='word_1_136' title='bbox 419 2166 451 2207; x_wconf 93' lang='grc' dir='ltr'><strong><em>τι</em></strong></span> <span class='ocrx_word' id='word_1_137' title='bbox 474 2144 576 2207; x_wconf 86' lang='grc' dir='ltr'><strong><em>κακὸν</em></strong></span> <span class='ocrx_word' id='word_1_138' title='bbox 600 2140 810 2227; x_wconf 77' lang='grc' dir='ltr'><strong><em>ἐξεργάσηται</em></strong></span> <span class='ocrx_word' id='word_1_139' title='bbox 832 2141 908 2226; x_wconf 81' lang='grc' dir='ltr'><strong><em>περὶ</em></strong></span> <span class='ocrx_word' id='word_1_140' title='bbox 930 2145 991 2226; x_wconf 86' lang='grc' dir='ltr'><strong><em>τήν</em></strong></span> <span class='ocrx_word' id='word_1_141' title='bbox 1014 2148 1107 2208; x_wconf 91' lang='grc' dir='ltr'><strong><em>πολι-</em></strong></span> 
     </span>
     <span class='ocr_line' id='line_1_20' title="bbox 94 2246 1179 2333; baseline -0.004 -17"><span class='ocrx_word' id='word_1_142' title='bbox 94 2254 203 2333; x_wconf 89' lang='grc' dir='ltr'><strong><em>τείαν,</em></strong></span> <span class='ocrx_word' id='word_1_143' title='bbox 230 2249 406 2314; x_wconf 79' lang='grc' dir='ltr'><strong><em>κάλλιστον</em></strong></span> <span class='ocrx_word' id='word_1_144' title='bbox 431 2247 598 2331; x_wconf 80' lang='grc' dir='ltr'><strong><em>ὑπέλαβον</em></strong></span> <span class='ocrx_word' id='word_1_145' title='bbox 622 2246 793 2332; x_wconf 89' lang='grc' dir='ltr'><strong><em>είληφέναι</em></strong></span> <span class='ocrx_word' id='word_1_146' title='bbox 816 2250 933 2332; x_wconf 88' lang='grc' dir='ltr'><strong><em>καιρὸν</em></strong></span> <span class='ocrx_word' id='word_1_147' title='bbox 956 2247 1179 2314; x_wconf 77' lang='grc' dir='ltr'><strong><em>έκποδὼν1322</em></strong></span> 
     </span>
     <span class='ocr_line' id='line_1_21' title="bbox 56 2352 1108 2438; baseline 0.005 -22"><span class='ocrx_word' id='word_1_148' title='bbox 56 2376 83 2416; x_wconf 85' lang='grc' dir='ltr'><strong><em>εο</em></strong></span> <span class='ocrx_word' id='word_1_149' title='bbox 97 2357 200 2422; x_wconf 86' lang='grc' dir='ltr'><strong><em>αὐτὸν</em></strong></span> <span class='ocrx_word' id='word_1_150' title='bbox 222 2354 426 2436; x_wconf 77' lang='grc' dir='ltr'><strong><em>ποιήσασθαι</em></strong></span> <span class='ocrx_word' id='word_1_151' title='bbox 449 2357 512 2418; x_wconf 86' lang='grc' dir='ltr'><strong><em>σὺν</em></strong></span> <span class='ocrx_word' id='word_1_152' title='bbox 530 2352 711 2438; x_wconf 73' lang='grc' dir='ltr'><strong><em>εὐσχήμονι</em></strong></span> <span class='ocrx_word' id='word_1_153' title='bbox 728 2354 901 2438; x_wconf 80' lang='grc' dir='ltr'><strong><em>προφάσει.</em></strong></span> <span class='ocrx_word' id='word_1_154' title='bbox 938 2360 1108 2433; x_wconf 88' lang='grc' dir='ltr'><strong><em>πείσαντες</em></strong></span> 
     </span>
     <span class='ocr_line' id='line_1_22' title="bbox 96 2455 1108 2546; baseline 0.001 -20"><span class='ocrx_word' id='word_1_155' title='bbox 96 2463 137 2546; x_wconf 88' lang='grc' dir='ltr'><strong><em>δή</em></strong></span> <span class='ocrx_word' id='word_1_156' title='bbox 160 2463 219 2526; x_wconf 92' lang='grc' dir='ltr'><strong><em>τὸν</em></strong></span> <span class='ocrx_word' id='word_1_157' title='bbox 243 2462 350 2544; x_wconf 81' lang='grc' dir='ltr'><strong><em>δῆμον</em></strong></span> <span class='ocrx_word' id='word_1_158' title='bbox 373 2457 562 2524; x_wconf 79' lang='grc' dir='ltr'><strong><em>ἀποστεῖλαι</em></strong></span> <span class='ocrx_word' id='word_1_159' title='bbox 577 2455 762 2545; x_wconf 76' lang='grc' dir='ltr'><strong><em>Ἀρικηνοῖς</em></strong></span> <span class='ocrx_word' id='word_1_160' title='bbox 781 2461 964 2545; x_wconf 82' lang='grc' dir='ltr'><strong><em>δισχιλίους</em></strong></span> <span class='ocrx_word' id='word_1_161' title='bbox 983 2462 1108 2546; x_wconf 86' lang='grc' dir='ltr'><strong><em>ἀνδρας</em></strong></span> 
     </span>
     <span class='ocr_line' id='line_1_23' title="bbox 96 2562 1108 2653; baseline -0.001 -21"><span class='ocrx_word' id='word_1_162' title='bbox 96 2564 149 2633; x_wconf 81' lang='grc' dir='ltr'><strong><em>έπδ</em></strong></span> <span class='ocrx_word' id='word_1_163' title='bbox 177 2567 380 2651; x_wconf 89' lang='grc' dir='ltr'><strong><em>συμμαχίαν,</em></strong></span> <span class='ocrx_word' id='word_1_164' title='bbox 407 2562 463 2628; x_wconf 80' lang='grc' dir='ltr'><strong><em>καὶ</em></strong></span> <span class='ocrx_word' id='word_1_165' title='bbox 486 2566 669 2648; x_wconf 82' lang='grc' dir='ltr'><strong><em>στρατηγὸν</em></strong></span> <span class='ocrx_word' id='word_1_166' title='bbox 692 2563 921 2642; x_wconf 80' lang='grc' dir='ltr'><strong><em>ἀποδείξαντες</em></strong></span> <span class='ocrx_word' id='word_1_167' title='bbox 942 2569 1002 2631; x_wconf 92' lang='grc' dir='ltr'><strong><em>τὸν</em></strong></span> <span class='ocrx_word' id='word_1_168' title='bbox 1021 2563 1108 2653; x_wconf 92' lang='grc' dir='ltr'><strong><em>Ἀρι-</em></strong></span> 
     </span>
     <span class='ocr_line' id='line_1_24' title="bbox 97 2669 1102 2755; baseline -0.001 -17"><span class='ocrx_word' id='word_1_169' title='bbox 97 2675 265 2755; x_wconf 90' lang='grc' dir='ltr'><strong><em>στόδημον</em></strong></span> <span class='ocrx_word' id='word_1_170' title='bbox 294 2671 337 2747; x_wconf 84' lang='grc' dir='ltr'><strong><em>ὡς</em></strong></span> <span class='ocrx_word' id='word_1_171' title='bbox 366 2672 406 2754; x_wconf 87' lang='grc' dir='ltr'><strong><em>δή</em></strong></span> <span class='ocrx_word' id='word_1_172' title='bbox 430 2672 470 2735; x_wconf 88' lang='grc' dir='ltr'><strong><em>τδι</em></strong></span> <span class='ocrx_word' id='word_1_173' title='bbox 492 2669 632 2754; x_wconf 89' lang='grc' dir='ltr'><strong><em>πολέμια</em></strong></span> <span class='ocrx_word' id='word_1_174' title='bbox 656 2674 823 2755; x_wconf 91' lang='grc' dir='ltr'><strong><em>λαμπρόν,</em></strong></span> <span class='ocrx_word' id='word_1_175' title='bbox 849 2673 888 2735; x_wconf 84' lang='grc' dir='ltr'><strong><em>τὰ</em></strong></span> <span class='ocrx_word' id='word_1_176' title='bbox 911 2673 991 2754; x_wconf 84' lang='grc' dir='ltr'><strong><em>μετά</em></strong></span> <span class='ocrx_word' id='word_1_177' title='bbox 1013 2671 1102 2738; x_wconf 87' lang='grc' dir='ltr'><strong><em>ταῦτ’</em></strong></span> 
     </span>
     <span class='ocr_line' id='line_1_25' title="bbox 97 2771 1107 2866; baseline -0.002 -21"><span class='ocrx_word' id='word_1_178' title='bbox 97 2782 269 2866; x_wconf 77' lang='grc' dir='ltr'><strong><em>ἔπραττον,</em></strong></span> <span class='ocrx_word' id='word_1_179' title='bbox 289 2776 322 2854; x_wconf 88' lang='grc' dir='ltr'><strong><em>έξ</em></strong></span> <span class='ocrx_word' id='word_1_180' title='bbox 342 2771 388 2841; x_wconf 84' lang='grc' dir='ltr'><strong><em>ὧν</em></strong></span> <span class='ocrx_word' id='word_1_181' title='bbox 407 2776 427 2860; x_wconf 83' lang='grc' dir='ltr'><strong><em>ή</em></strong></span> <span class='ocrx_word' id='word_1_182' title='bbox 447 2779 732 2860; x_wconf 77' lang='grc' dir='ltr'><strong><em>κατακοπήσεσθαι</em></strong></span> <span class='ocrx_word' id='word_1_183' title='bbox 752 2779 939 2861; x_wconf 89' lang='grc' dir='ltr'><strong><em>μαχόμενον</em></strong></span> <span class='ocrx_word' id='word_1_184' title='bbox 957 2777 1021 2842; x_wconf 85' lang='grc' dir='ltr'><strong><em>ὑπὸ</em></strong></span> <span class='ocrx_word' id='word_1_185' title='bbox 1041 2789 1107 2843; x_wconf 90' lang='grc' dir='ltr'><strong><em>τῶν</em></strong></span> 
     </span>
     <span class='ocr_line' id='line_1_26' title="bbox 57 2880 1109 2971; baseline 0.003 -26"><span class='ocrx_word' id='word_1_186' title='bbox 57 2903 83 2945; x_wconf 81' lang='grc' dir='ltr'><strong><em>νε</em></strong></span> <span class='ocrx_word' id='word_1_187' title='bbox 101 2890 283 2971; x_wconf 88' lang='grc' dir='ltr'><strong><em>Τυρρηνῶν</em></strong></span> <span class='ocrx_word' id='word_1_188' title='bbox 296 2882 398 2948; x_wconf 86' lang='grc' dir='ltr'><strong><em>αὐτὸν</em></strong></span> <span class='ocrx_word' id='word_1_189' title='bbox 414 2882 648 2971; x_wconf 79' lang='grc' dir='ltr'><strong><em>ὑπελάμβανον</em></strong></span> <span class='ocrx_word' id='word_1_190' title='bbox 666 2882 686 2966; x_wconf 83' lang='grc' dir='ltr'><strong><em>ή</em></strong></span> <span class='ocrx_word' id='word_1_191' title='bbox 704 2883 786 2946; x_wconf 79' lang='grc' dir='ltr'><strong><em>κατὰ</em></strong></span> <span class='ocrx_word' id='word_1_192' title='bbox 804 2880 945 2965; x_wconf 80' lang='grc' dir='ltr'><strong><em>πέλανος</em></strong></span> <span class='ocrx_word' id='word_1_193' title='bbox 963 2885 1109 2968; x_wconf 78' lang='grc' dir='ltr'><strong><em>διαφθα-</em></strong></span> 
     </span>
     <span class='ocr_line' id='line_1_27' title="bbox 63 2988 1109 3079; baseline -0.005 -20"><span class='ocrx_word' id='word_1_194' title='bbox 63 2994 83 3060; x_wconf 87' lang='grc'><strong>3</strong></span> <span class='ocrx_word' id='word_1_195' title='bbox 99 2995 269 3079; x_wconf 79' lang='grc' dir='ltr'><strong><em>ρήσεσθαι.</em></strong></span> <span class='ocrx_word' id='word_1_196' title='bbox 306 2993 479 3073; x_wconf 79' lang='grc' dir='ltr'><strong><em>γενόμενοι</em></strong></span> <span class='ocrx_word' id='word_1_197' title='bbox 502 2990 565 3072; x_wconf 80' lang='grc' dir='ltr'><strong><em>γὰρ</em></strong></span> <span class='ocrx_word' id='word_1_198' title='bbox 584 2988 649 3053; x_wconf 86' lang='grc' dir='ltr'><strong><em>ὑπὸ</em></strong></span> <span class='ocrx_word' id='word_1_199' title='bbox 667 2997 725 3071; x_wconf 79' lang='grc' dir='ltr'><strong><em>τῆς</em></strong></span> <span class='ocrx_word' id='word_1_200' title='bbox 742 2991 865 3071; x_wconf 76' lang='grc' dir='ltr'><strong><em>βουλῆς</em></strong></span> <span class='ocrx_word' id='word_1_201' title='bbox 883 2989 993 3073; x_wconf 85' lang='grc' dir='ltr'><strong><em>κύριοι</em></strong></span> <span class='ocrx_word' id='word_1_202' title='bbox 1012 3013 1109 3055; x_wconf 87' lang='grc' dir='ltr'><strong><em>κατα-</em></strong></span> 
     </span>
     <span class='ocr_line' id='line_1_28' title="bbox 88 3092 1110 3180; baseline -0.003 -17"><span class='ocrx_word' id='word_1_203' title='bbox 88 3097 188 3178; x_wconf 82' lang='grc' dir='ltr'><strong><em>λέξαι</em></strong></span> <span class='ocrx_word' id='word_1_204' title='bbox 211 3099 287 3173; x_wconf 84' lang='grc' dir='ltr'><strong><em>τοὺς</em></strong></span> <span class='ocrx_word' id='word_1_205' title='bbox 311 3095 364 3162; x_wconf 80' lang='grc' dir='ltr'><strong><em>ἐπὶ</em></strong></span> <span class='ocrx_word' id='word_1_206' title='bbox 385 3097 447 3177; x_wconf 88' lang='grc' dir='ltr'><strong><em>τήν</em></strong></span> <span class='ocrx_word' id='word_1_207' title='bbox 466 3099 655 3179; x_wconf 91' lang='grc' dir='ltr'><strong><em>συμμαχίαν</em></strong></span> <span class='ocrx_word' id='word_1_208' title='bbox 674 3092 946 3178; x_wconf 83' lang='grc' dir='ltr'><strong><em>ἐξελευσομένους</em></strong></span> <span class='ocrx_word' id='word_1_209' title='bbox 962 3106 1029 3160; x_wconf 90' lang='grc' dir='ltr'><strong><em>τῶν</em></strong></span> <span class='ocrx_word' id='word_1_210' title='bbox 1048 3093 1110 3180; x_wconf 70' lang='grc' dir='ltr'><strong><em>μὲν</em></strong></span> 
     </span>
    </p>
   </div>
   <div class='ocr_carea' id='block_1_3' title="bbox 96 3283 1111 3487">
    <p class='ocr_par' dir='ltr' id='par_1_8' title="bbox 96 3283 1111 3487">
     <span class='ocr_line' id='line_1_29' title="bbox 171 3283 1111 3357; baseline -0.006 -13"><span class='ocrx_word' id='word_1_211' title='bbox 171 3296 186 3344; x_wconf 90' lang='grc'><strong>3</strong></span> <span class='ocrx_word' id='word_1_212' title='bbox 205 3287 345 3357; x_wconf 87' lang='grc' dir='ltr'><strong><em>πενήτων]</em></strong></span> <span class='ocrx_word' id='word_1_213' title='bbox 364 3291 484 3341; x_wconf 87' lang='grc' dir='ltr'><strong><em>πολιτῶν</em></strong></span> <span class='ocrx_word' id='word_1_214' title='bbox 503 3288 528 3339; x_wconf 91' lang='grc' dir='ltr'><strong>Α</strong></span> <span class='ocrx_word' id='word_1_215' title='bbox 584 3291 617 3338; x_wconf 91' lang='grc'><strong><em>14</em></strong></span> <span class='ocrx_word' id='word_1_216' title='bbox 637 3283 666 3348; x_wconf 84' lang='grc' dir='ltr'><strong><em>ὃς</em></strong></span> <span class='ocrx_word' id='word_1_217' title='bbox 684 3303 752 3342; x_wconf 80' lang='lat' dir='ltr'>corr.</span> <span class='ocrx_word' id='word_1_218' title='bbox 773 3303 790 3339; x_wconf 83' lang='grc' dir='ltr'><strong><em>ε</em></strong></span> <span class='ocrx_word' id='word_1_219' title='bbox 808 3304 881 3341; x_wconf 82' lang='lat' dir='ltr'><strong>man.</strong></span> <span class='ocrx_word' id='word_1_220' title='bbox 902 3286 950 3340; x_wconf 78' lang='lat' dir='ltr'><strong>alt.</strong></span> <span class='ocrx_word' id='word_1_221' title='bbox 970 3302 1004 3339; x_wconf 84' lang='lat' dir='ltr'><strong><em>ex</em></strong></span> <span class='ocrx_word' id='word_1_222' title='bbox 1023 3286 1059 3347; x_wconf 87' lang='grc' dir='ltr'><strong><em>ὡς</em></strong></span> <span class='ocrx_word' id='word_1_223' title='bbox 1077 3289 1111 3339; x_wconf 76' lang='lat' dir='ltr'><strong><em>ut</em></strong></span> 
     </span>
     <span class='ocr_line' id='line_1_30' title="bbox 96 3354 1110 3427; baseline -0.006 -11"><span class='ocrx_word' id='word_1_224' title='bbox 96 3361 210 3416; x_wconf 76' lang='lat' dir='ltr'><strong>videtur</strong></span> <span class='ocrx_word' id='word_1_225' title='bbox 232 3360 255 3412; x_wconf 92' lang='lat' dir='ltr'>B</span> <span class='ocrx_word' id='word_1_226' title='bbox 280 3362 285 3425; x_wconf 95' lang='grc' dir='ltr'>Ι</span> <span class='ocrx_word' id='word_1_227' title='bbox 306 3356 416 3427; x_wconf 86' lang='grc' dir='ltr'><strong><em>Ἀρικ&lt;η</em></strong></span> <span class='ocrx_word' id='word_1_228' title='bbox 440 3359 506 3418; x_wconf 81' lang='grc' dir='ltr'><strong><em>νοὺς</em></strong></span> <span class='ocrx_word' id='word_1_229' title='bbox 528 3356 574 3410; x_wconf 91' lang='lat' dir='ltr'><strong><em>Bb</em></strong></span> <span class='ocrx_word' id='word_1_230' title='bbox 598 3358 651 3410; x_wconf 82' lang='lat' dir='ltr'><strong><em>hoc</em></strong></span> <span class='ocrx_word' id='word_1_231' title='bbox 673 3358 735 3411; x_wconf 82' lang='lat' dir='ltr'>loeo</span> <span class='ocrx_word' id='word_1_232' title='bbox 759 3357 879 3425; x_wconf 81' lang='lat' dir='ltr'><strong>aliisque</strong></span> <span class='ocrx_word' id='word_1_233' title='bbox 952 3362 985 3410; x_wconf 85' lang='lat'><strong><em>18</em></strong></span> <span class='ocrx_word' id='word_1_234' title='bbox 1008 3354 1110 3427; x_wconf 86' lang='grc' dir='ltr'><strong><em>κακόν]</em></strong></span> 
     </span>
     <span class='ocr_line' id='line_1_31' title="bbox 98 3427 657 3487; baseline -0.011 0"><span class='ocrx_word' id='word_1_235' title='bbox 98 3433 198 3487; x_wconf 87' lang='grc' dir='ltr'><strong><em>καινὸν</em></strong></span> <span class='ocrx_word' id='word_1_236' title='bbox 218 3448 240 3485; x_wconf 88' lang='grc' dir='ltr'><strong><em>ο.</em></strong></span> <span class='ocrx_word' id='word_1_237' title='bbox 260 3428 384 3483; x_wconf 81' lang='lat' dir='ltr'>Sintenis</span> <span class='ocrx_word' id='word_1_238' title='bbox 427 3447 462 3483; x_wconf 93' lang='lat' dir='ltr'><strong><em>m.</em></strong></span> <span class='ocrx_word' id='word_1_239' title='bbox 482 3427 564 3482; x_wconf 87' lang='lat' dir='ltr'><strong>Dion.</strong></span> <span class='ocrx_word' id='word_1_240' title='bbox 582 3428 657 3482; x_wconf 78' lang='lat'><strong>1115</strong></span> 
     </span>
    </p>
   </div>
   <div class='ocr_carea' id='block_1_4' title="bbox 0 0 1228 3848">
    <p class='ocr_par' dir='ltr' id='par_1_9' title="bbox 0 0 1228 3848">
     <span class='ocr_line' id='line_1_32' title="bbox 0 0 1228 3848; baseline 0 0"><span class='ocrx_word' id='word_1_241' title='bbox 0 0 1228 3848; x_wconf 95' lang='lat' dir='ltr'><strong><em> </em></strong></span> 
     </span>
    </p>
   </div>
  </div>
 </body>
</html>
