2424 3848
540 163 708 215 ..Θ-

119 338 236 412 σημεῖα
262 329 433 410 πολεμίοις
456 323 638 414 προέμενος
660 323 716 392 καὶ
739 333 829 410 φυγή
851 322 932 410 πρὶν
956 326 1003 401 είς
1026 335 1183 411 χεῖραςιοῖ

118 433 233 500 ἐλθεῖν
266 431 479 521 ἐπονειδίστῳ
512 432 736 518 χρησάμενος,
773 432 883 517 ὥσπερ
916 429 998 516 ἐμοῦ
1031 433 1140 515 μόνον

119 538 386 625 ἀφαιρησόμενος
407 539 468 623 τήν
492 536 528 603 ἐκ
549 545 607 621 της
628 541 724 622 νίκης
746 536 860 622 δόξαν,
883 534 954 602 ἀλλ’
983 534 1061 622 οὐχὶ
1084 535 1140 602 καὶ

84 652 177 730 ὃτής
209 645 368 728 πατρίδος
394 645 432 709 τὸ
458 645 541 710 κατά
567 655 634 710 τῶν
662 642 795 731 ἐχθρῶν
821 642 940 719 πάθος.
988 639 1046 708 καὶ
1074 652 1138 708 νῦν

93 751 348 827 τΟύολούσκοις
374 751 457 817 κατά
475 747 644 834 Ῥωμαίων
667 751 795 815 ἵσταται
818 751 976 834 τρόπαια,
1003 745 1060 814 καὶ
1084 772 1138 815 κο-

121 868 249 941 σμεῖται
271 867 341 934 τοῖς
364 853 536 944 ἡμετέροις
558 857 723 943 λαφύροις
744 856 905 922 τάκείνων
929 855 1003 940 ίερά
1025 852 1083 920 καὶ
1102 853 1138 919 έν

121 964 324 1063 αὐχήμασιν,
352 963 481 1046 ἡλίκοις
510 963 683 1028 οὐπώποτε
711 962 749 1026 αί
771 964 884 1038 πόλεις
911 960 1023 1026 αὐτῶν
1050 962 1137 1026 είσιν

120 1067 200 1146 τέως
221 1065 305 1155 ὑπὲρ
327 1068 601 1155 ἀνδραποδισμοῦ
619 1092 654 1135 τε
672 1066 728 1135 καὶ
745 1076 957 1153 κατασκαφῆς
974 1078 1042 1132 τῶν
1061 1067 1137 1152 ήμε-

86 1174 226 1261 6τέρων
256 1177 411 1259 δεόμεναι
439 1176 623 1260 ήγεμόνων.
669 1169 735 1262 ἀρνί
761 1198 799 1258 γε
826 1176 959 1239 δίκαιον
986 1172 1007 1258 ή
1035 1175 1139 1239 καλὸν

82 1306 108 1346 ιο
122 1279 176 1346 ε’πὶ
197 1283 362 1360 τοιούτοις
383 1282 621 1368 κατορθώμασι
643 1282 742 1369 χάριν
765 1281 878 1357 αὐτοῖς
899 1279 985 1364 ὑμᾶς
1003 1277 1137 1364 εἰδέναι,

121 1384 177 1452 καὶ
201 1388 376 1471 δημοσίαις
398 1387 589 1471 ἐπικοσμεῖν
613 1388 753 1475 δωρεαῖς
770 1386 1062 1472 κληρουχήσαντας
1079 1388 1137 1470 τήν

121 1502 201 1578 γῆν,
226 1488 266 1577 ής
288 1492 441 1578 πολέμιοι
463 1503 623 1579 κρατοῦσι
645 1496 683 1560 τὸ
706 1494 789 1558 κατά
810 1493 952 1569 τούτους
973 1487 1062 1557 εἶναι
1085 1492 1183 1577 με’-189]

123 1623 195 1684 ρος;
220 1599 303 1664 ἀλλά
326 1603 362 1664 τί
382 1602 436 1665 δεῖ
450 1602 582 1677 τούτοις
600 1599 763 1685 ἐγκαλεῖν,
786 1590 837 1676 οἷς
854 1595 900 1664 δι’
919 1597 1137 1663 ἀπαιδευσίαν

122 1729 156 1771 τε
175 1703 230 1770 καί
250 1704 447 1789 δυσγένειαν
467 1707 581 1790 ὀλίγος
598 1705 668 1773 ἐστὶ
686 1718 754 1773 τῶν
771 1711 882 1771 καλῶν
901 1707 1011 1789 λόγος,
1036 1704 1137 1790 δρῦν-

83 1838 109 1878 15
122 1834 194 1894 τας,
225 1811 269 1888 ὡς
299 1809 371 1877 οὐδ’
404 1810 441 1878 ἐν
470 1824 540 1890 τοῖς
569 1810 740 1900 ὑμετέροις
769 1815 869 1896 ήθεσι
895 1819 998 1876 πᾶσιν
1026 1813 1076 1876 ἔτι
1102 1812 1137 1876 τὸ

124 1916 262 2003 ἀρχαῖον
285 1918 373 1983 οίκεῖ
391 1920 558 2004 φρόνημα,
581 1916 653 1983 ἀλλ’
677 1917 841 1984 αὐθάδεια
859 1913 921 2001 μέν
939 1915 960 1999 ή
980 1920 1138 2002 σεμνότης

122 2028 268 2089 καλεῖται
291 2026 374 2110 πρὸς
397 2022 511 2109 ἐνίων,
534 2027 642 2111 μωρία
665 2021 695 2090 δ
717 2025 738 2108 ἡ
762 2024 976 2107 δικαιοσύνη,
998 2025 1138 2108 μανικὸν

124 2127 161 2195 δὲ
183 2133 220 2196 τὸ
244 2130 414 2218 ἀνδρεῖον,
436 2130 491 2197 καὶ
513 2133 650 2216 ήλίθιον
672 2134 709 2197 τὸ
734 2142 884 2216 σῶφρον;
913 2131 934 2196 ἃ
957 2128 996 2195 δὲ
1019 2131 1137 2216 μισητά

123 2237 212 2322 παρὰ
233 2249 304 2313 τοῖς
326 2238 499 2323 προτέροις
521 2233 580 2322 ήν,
606 2247 709 2304 ταῦτα
731 2240 920 2322 πυργοῦταί
937 2258 973 2301 τε
996 2246 1064 2303 νῦν
1087 2233 1137 2303 καὶ

84 2367 111 2407 ιο
124 2343 296 2426 θαυμάσια
324 2344 423 2427 ήλίκα
452 2347 605 2428 φαίνεται
631 2355 701 2422 τοῖς
728 2339 989 2429 διεφθαρμένοις
1017 2342 1137 2427 ἀγαθοί,

124 2446 288 2534 ἀνανδρία
317 2447 372 2514 καλ
401 2453 591 2535 βωμολοχία
618 2448 673 2515 καὶ
700 2452 881 2534 κακοήθεια
909 2446 964 2514 καὶ
992 2452 1031 2516 τὸ
1059 2471 1137 2515 παν·

124 2556 253 2642 ούργως
275 2557 383 2640 σοφὸν
405 2553 461 2626 καὶ
483 2558 521 2621 τὸ
543 2558 626 2638 πρὸς
648 2558 776 2622 ἅπαντα
801 2558 916 2640 ἰταμὸν
939 2553 995 2621 καὶ
1019 2558 1058 2622 τδ
1081 2557 1180 2640 μη-ιῖθ

125 2658 198 2726 δενὶ
225 2672 292 2727 τῦν
319 2664 518 2747 κρειττόνων
546 2659 711 2740 εὐπειθές·
745 2662 912 2738 δπολλάς
939 2662 1003 2747 ήδη
1028 2664 1137 2737 πόλεις

196 2857 212 2906 2
235 2852 323 2907 verba
346 2853 412 2908 inde
435 2854 471 2908 ab
495 2853 586 2924 ὥσπερ
610 2871 700 2922 usque
719 2854 756 2908 ad
774 2846 1002 2923 ἀφαιρησόμενος
1022 2868 1077 2908 om.
1097 2853 1137 2906 Βε

126 2923 190 2978 add.
209 2923 289 2977 Bbm
416 2931 434 2978 4
456 2923 551 2988 πόθος
570 2925 592 2980 Ο
614 2924 751 2996 τρόπαιον
770 2943 793 2980 ο.
813 2924 995 2980 casaubonus
1015 2922 1097 2987 κλέος
1116 2939 1136 2978 ο.

124 2994 230 3048 Reiske
248 3014 350 3065 κρατος
364 3013 386 3049 ο,
402 2995 546 3065 Kiessling
563 3013 628 3051 mea
645 2996 760 3065 quidem
778 2993 920 3051 sententia
937 2994 1013 3048 nihil
1030 2997 1136 3050 mutan-

126 3066 193 3119 dum
211 3068 256 3119 est
328 3073 344 3121 6
367 3063 510 3136 ὑμετέροις
529 3067 581 3120 ΑΒ
606 3069 611 3138 Ι
635 3068 772 3123 τάκείνων
790 3066 816 3119 A
834 3066 869 3121 τδι
888 3061 1007 3122 ἐκείνων
1026 3067 1052 3121 R
1122 3071 1135 3120 8

125 3145 309 3207 καταοφαγῆς
326 3139 349 3192 Β
369 3144 374 3202 1
394 3138 534 3208 ὑμετέρων
553 3139 605 3191 ΑΒ
680 3145 714 3194 14
736 3137 751 3193 δ
770 3137 851 3207 λόγος
868 3137 894 3190 Α
967 3143 1001 3192 15
1025 3135 1135 3207 ήθεοιν]

126 3207 260 3274 στήθεσιν
283 3225 305 3264 ο.
325 3208 491 3263 dubitanter
508 3208 651 3278 Kiessling
728 3214 761 3264 16
785 3205 895 3263 ἐνοικεῖ
913 3225 936 3264 ο.
956 3206 1035 3262 idem
1107 3211 1135 3263 19

24 3344 28 3350 Ι
125 3278 261 3334 ταῦτάτε
279 3289 435 3351 πυργοῦται
453 3279 549 3335 νῦνΑ
621 3287 655 3336 20
678 3280 762 3349 ἡλίκα
781 3280 887 3334 add.B
961 3285 995 3334 21
1020 3280 1053 3336 τδ
1071 3299 1135 3335 παν·

128 3347 232 3416 ούργως
251 3351 341 3419 σοφὸν
360 3354 412 3406 ΑΒ
432 3350 522 3419 σοφὸν
540 3351 595 3407 del.
614 3351 758 3421 Kiessling
813 3358 846 3407 22
866 3351 962 3421 *πρὸς
979 3351 1077 3406 πάντα
1095 3349 1133 3419 Oh

61 3419 247 3616 ἵῦδῖῖὸς
266 3421 288 3473 Β
360 3429 395 3477 23
415 3424 561 3478 εύπενθεῖν
579 3422 605 3475 Α
