2424 3848
555 184 723 233 ,Η-

132 345 263 426 καιρός,
293 342 311 408 6
340 338 401 426 μὲν
423 343 576 426 Αἰμίλιος
604 344 732 427 ἔμεινεν
761 340 815 408 ἐπὶ
844 342 1067 427 στρατοπέδου
1099 341 1141 408 δι’

133 450 292 534 αἰσχύνης
315 451 400 527 έχων
424 446 477 513 ἐπὶ
500 459 688 535 συμφοραῖς
711 449 772 515 οὐκ
796 448 997 534 εὐσχήμοσιν
1019 451 1067 526 είς
1084 451 1146 534 τὴν

131 558 232 622 πόλιν
258 557 423 620 εἰσελθεῖν
450 557 487 620 τὸ
516 554 692 641 κράτιστον
719 554 935 632 ἀπολωλεκὼς
963 564 1022 639 τῆς
1049 572 1147 643 στρα-

131 671 211 738 τιᾶς.
249 661 266 727 6
286 657 323 726 δέ
343 661 530 738 συνύπατος
547 662 650 728 αὑτοῦ
670 664 748 738 τοὺς
765 659 822 746 ὑφ’
849 659 968 728 ἑαυτὸν
986 663 1148 749 ἀρχοντας

132 766 186 833 ἐπὶ
210 765 433 853 στρατοπέδου
456 768 645 833 καταλιπὼν
664 769 712 845 είς
729 768 790 851 τὴν
808 766 934 853 Ῥώμην
953 766 1069 855 ᾤχετο·
1092 768 1147 835 καὶ
1173 789 1186 830 5

134 871 337 957 συγκαλέσας
359 876 418 939 τὸν
442 875 543 958 ὄχλον
566 872 620 938 ε’πὶ
642 876 700 952 τάς
722 874 942 960 ἀρχαιρεσίας,
971 867 1021 952 οἷς
1043 871 1104 960 μὲν
1128 877 1146 942 6

134 983 239 1065 δῆμος
269 978 423 1064 ἐβούλετο
455 982 600 1063 δοθῆναι
629 981 690 1064 τὴν
723 981 883 1046 ὑπατείαν
915 981 1078 1065 ἀνδράσιν
1111 980 1147 1048 ἐκ

132 1099 200 1153 τῶν
214 1087 459 1169 ὑπατευκότων,
473 1088 514 1152 ού
527 1088 699 1171 προύθηκε
714 1088 775 1170 την
788 1091 1018 1173 ψηφοφορίαν,
1033 1085 1146 1172 ἐπειδὴ

132 1190 207 1259 οὐδ’
235 1192 329 1259 αὐτοὶ
352 1191 513 1278 μετῄεσαν
536 1195 597 1277 την
620 1193 725 1280 ἀρχὴν
748 1191 889 1277 ἑκόντες,
911 1190 994 1280 ὑπὲρ
1020 1190 1056 1258 δὲ
1079 1204 1147 1260 τῶν

133 1301 314 1384 μετιόντων
345 1299 424 1375 τούς
454 1322 489 1362 τε
522 1301 642 1384 λόχους
673 1299 805 1365 ἐκάλεσε
837 1297 893 1365 καὶ
924 1300 981 1376 τάς
1012 1303 1146 1384 ψήφους
1160 1320 1186 1360 ιο

133 1403 309 1472 ἀνέδωκεν.
355 1399 449 1470 οὑτοι
472 1402 501 1468 δ’
524 1401 620 1489 ἦσαν,
644 1405 703 1482 οὓς
725 1405 745 1490 ἡ
768 1408 874 1490 βουλὴ
897 1410 1068 1493 προείλετο
1091 1406 1186 1475 καλ2

134 1504 185 1589 οἷς
206 1509 446 1596 παραγγέλλειν
468 1513 529 1596 τὴν
553 1511 657 1598 ἀρχὴν
681 1511 862 1595 ἐκέλευσεν,
887 1513 928 1579 οὐ
952 1515 1082 1598 σφόδρα
1100 1521 1146 1602 τῷ

134 1620 228 1706 δημφ
250 1611 489 1703 κεχαρισμένοι.
526 1616 582 1683 καὶ
605 1618 851 1707 ἀπεδείχθησαν
869 1623 916 1697 είς
934 1622 994 1686 τὸν
1012 1620 1147 1686 ἐπιόντα

133 1723 288 1790 ἐνιαυτὸν
310 1725 429 1790 ὑπατοι
453 1725 471 1790 6'
491 1749 525 1790 τε
544 1727 704 1812 νεώτερος
722 1725 866 1812 ἀδελφὸς
884 1737 944 1793 τοῦ
961 1725 1148 1813 προθέντος

132 1833 191 1908 τάς
220 1829 431 1916 ἀρχαιρεσίας
464 1833 608 1916 ὑπάτου,
641 1834 782 1916 Μάρκος
816 1834 942 1920 Φάβιος
973 1837 1148 1911 Καίσωνος
1161 1852 1187 1894 1⁵

59 1938 217 2021 1723υίός,
239 1934 294 2002 καὶ
316 1938 459 2015 Λεύκιος
479 1937 660 2023 Οὐαλέριος
677 1941 822 2024 Μάρκου
845 1943 928 2024 υίός,
951 1941 969 2006 ὁ
992 1943 1052 2006 τὸν
1075 1939 1147 2027 τρὶς

132 2044 362 2109 ὑπατεύσαντα
396 2044 546 2110 Κάσσιον
580 2049 695 2130 κρίνας
727 2044 780 2111 ἐπὶ
812 2055 851 2133 τῇ
884 2048 1059 2131 τυραννίδι
1090 2044 1146 2111 καλ

134 2149 336 2227 ἀποκτείνας.
383 2147 475 2217 οὑτοι
499 2153 560 2236 την
583 2151 688 2239 ἀρχὴν
710 2156 957 2238 παραλαβόντες
974 2147 1057 2235 ὑπὲρ
1079 2161 1147 2216 τῶν
1165 2154 1186 2218 3

133 2256 376 2323 ἀποθανόντων
404 2255 440 2324 έν
462 2266 507 2345 τῷ
535 2261 619 2345 πρὸς
636 2255 806 2335 Ἀντιάτας
833 2257 965 2346 πολέμῳ
989 2273 1146 2344 στρατιω-

131 2375 199 2429 τῶν
221 2362 337 2446 ἠξίουν
360 2361 492 2450 ἑτέρους
513 2365 752 2452 καταγράφειν,
775 2365 830 2430 ἵνα
853 2367 891 2430 τὸ.
914 2360 1043 2440 ἐλλιπὲς
1066 2361 1145 2428 ἀνα·
1159 2385 1185 2425 ιο

132 2476 294 2558 πληρωθῇ
321 2481 389 2535 τῶν
417 2473 534 2556 λόχων.
578 2469 634 2536 καὶ
659 2473 766 2555 δόγμα
786 2471 1004 2555 ποιησάμενοι
1025 2473 1148 2554 βουλῆς

132 2578 353 2663 προύγραψαν
375 2575 514 2663 ἡμέραν,
539 2575 576 2643 έν
599 2570 621 2663 ᾗ
643 2589 797 2660 παρείναι
820 2580 898 2653 τοὺς
921 2579 1055 2662 έχοντας
1077 2576 1148 2660 ηλι-

133 2688 210 2749 κίαν
230 2684 468 2770 στρατεύσιμον
487 2686 564 2749 ἔδει.
602 2684 682 2769 μετά
700 2695 798 2750 τοῦτο
817 2687 965 2768 θόρυβος
983 2679 1026 2767 ἦν
1044 2685 1148 2759 πολὺς

133 2791 215 2856 κατά
238 2793 300 2875 την
321 2795 432 2875 πόλιν,
454 2789 510 2857 καί
531 2794 625 2874 λόγοι
643 2802 710 2857 τῶν
728 2793 936 2858 πενεστάτων
956 2790 1148 2865 στασιώδεις

134 2898 196 2963 οὑκ
220 2896 403 2976 ἀξιούντων
426 2899 503 2964 οὔτε
531 2902 656 2983 βουλῆς
685 2901 849 2982 δόγμασιν
871 2898 1047 2984 ὑπηρετεῖν
1072 2896 1146 2961 οὔτε
1161 2911 1188 2954 ω

133 3004 269 3070 ὑπάτων
293 3003 425 3093 ἐξουσία
447 3011 654 3091 πειθαρχεῖν,
677 3005 727 3070 ὅτι
750 3005 808 3081 τάς
830 3001 905 3090 περὶ
928 3013 985 3088 τῆς
1007 3008 1148 3086 κληρου·

142 3215 144 3223 ,
206 3231 294 3286 θοὺκ
317 3231 397 3286 αὑτοὶ
421 3232 443 3287 0
463 3249 532 3287 corr.
553 3231 673 3303 Sylburg
711 3234 716 3302 Ι
754 3229 870 3300 ἥκοντες
893 3247 916 3286 ο.
944 3228 1067 3284 Sintenis
1086 3229 1147 3286 Em.

133 3301 215 3357 Dion.
234 3302 323 3357 1111ss
396 3309 429 3357 13
448 3301 659 3374 κεχαρισμένοις
677 3321 700 3358 ο.
719 3301 823 3357 Reiske
903 3307 937 3355 21
957 3301 1047 3372 δόγμα
1065 3319 1149 3369 ποιη-

134 3372 257 3444 σαμένης
274 3380 323 3441 τῆς
341 3376 442 3447 βουλῆς
460 3392 483 3428 ο.
502 3373 646 3444 Kiessling
717 3381 751 3429 22
771 3371 986 3443 *προέγραφον
1006 3372 1028 3426 0
1052 3374 1056 3438 Ι
1080 3367 1111 3427 ἀν
1129 3365 1150 3443 ᾗ

133 3446 199 3508 τοὺς
218 3443 239 3498 ἔ.
258 3443 276 3512 η
296 3462 335 3498 στ.
354 3443 434 3514 ἥκειν
454 3444 513 3500 ἔδει
532 3445 554 3499 0
573 3447 686 3514 praefer
704 3445 727 3498 B
799 3450 834 3498 24
852 3444 935 3500 πόλιν
954 3443 1022 3512 ὅλην
1041 3442 1063 3494 Β
