2424 3848
98 209 140 273 76
521 220 682 268 -z-

97 376 263 462 ναιότεροι
281 375 335 441 καλ
354 376 415 442 οὐκ
433 376 659 462 ἀγαπήσαντες
677 380 758 445 αὐτὸ
777 381 815 445 τὸ
835 384 903 467 ζῆν,
921 381 953 446 εί
969 382 1015 465 μη
1032 383 1117 466 μετὰ

98 482 226 546 τούτων
255 481 404 567 ἐμέλλετε
429 495 497 550 τῶν
525 484 663 569 ἀγαθῶν
690 487 891 571 βιώσεσθαι,
919 486 978 564 τὰς
1004 489 1118 574 ψυχὰς

99 587 141 654 ἀν
163 592 325 676 πρότερον
348 590 368 674 ἢ
392 588 484 656 ταῦτ’
511 589 711 678 ἀφῃρέθητε,
739 592 775 657 οί
794 587 855 676 μέν
878 593 994 685 εὐθός,
1023 595 1060 660 οί
1081 593 1113 660 δ’

63 695 161 762 ὃοάκ
190 698 237 773 είς
267 696 405 781 μακράν.
456 701 492 762 τί
518 698 581 783 γὰρ
613 697 655 762 διν
684 700 721 764 τὸ
751 702 905 763 κωλῦσον
933 693 976 782 ἦν
1008 699 1118 780 οὕτως

35 794 39 801 ’
74 824 86 865 τ
101 803 243 885 αἰσχρῶς
265 799 320 866 καὶ
342 813 448 880 κακῶς
466 806 623 889 Μαρκίου
641 805 739 869 τοῦδε
759 803 1032 891 ἀναρπασθέντος
1050 807 1118 872 ὥσ-

99 929 160 992 περ
184 906 221 972 ἔν
244 907 362 996 ἐρημίη
384 905 466 994 κάμὲ
488 912 568 994 μετὰ
590 921 710 976 τοῦτον
739 909 947 977 ἀπολωλέναι
974 913 1117 979 διασπα-

101 1013 225 1080 σθέντα
254 1015 319 1081 ὑπὸ
349 1025 416 1081 τῶν
446 1016 596 1102 ἐχθρῶν,
625 1015 680 1082 καὶ
709 1016 849 1100 πάντας,
882 1017 956 1082 ὅσοι
984 1015 1113 1086 πώποτ’

100 1122 371 1207 ἠναντιώθησαν,
397 1121 453 1189 καὶ
480 1125 517 1189 τὸ
546 1125 664 1190 λοιπὸν
691 1125 830 1208 έμελλον
852 1123 1117 1191 ἐναντιώσεσθαι

100 1240 171 1307 ταῖς
199 1233 403 1315 παρανόμοις
433 1229 625 1314 ἐπιθυμίαις
654 1240 714 1296 τοῦ
747 1231 869 1314 δήμου;
906 1230 947 1296 οὐ
976 1232 1041 1317 γὰρ
1073 1230 1116 1297 διν

60 1358 87 1398 ιο
100 1333 248 1422 ἠρκέσθη
272 1339 349 1412 τοὺς
372 1338 434 1402 δύο
457 1341 582 1421 μόνους
603 1337 688 1420 ημᾶς
711 1335 861 1402 ἐκποδὼν
881 1337 1118 1423 ποιησάμενος,

101 1438 181 1508 οὐδὲ
199 1441 293 1528 μέχρι
313 1439 403 1529 δεῦρ’
427 1442 537 1509 ἔλθὼν
556 1442 678 1527 ἀπέστη
699 1451 756 1528 τῆς
773 1445 991 1529 παρανομίας,
1014 1445 1047 1508 εί
1065 1446 1160 1511 Betui

101 1551 141 1614 τδι
168 1547 331 1633 μέλλοντα
358 1552 593 1635 τεκμαίρεσθαι
622 1560 692 1626 τοῖς
722 1552 916 1634 γεγονόσιν,
948 1546 1021 1615 ἀλλ’
1054 1547 1114 1636 ἀφ’

100 1656 195 1739 ἡμῶν
213 1653 394 1740 ἀρξόμενος
412 1655 500 1720 ἀπαν
512 1656 550 1720 τὸ
570 1653 751 1720 ἀντίπαλον
769 1652 824 1720 καί
838 1657 883 1740 μη
897 1651 990 1721 εἶκον
1003 1656 1117 1744 ὥσπερ

100 1760 298 1846 χειμάρρους
326 1763 430 1837 πολὺς
459 1758 611 1844 ἐμπεσὼν
640 1759 826 1848 παρέσυρεν
857 1760 900 1827 ἀν
928 1758 985 1827 καὶ
1017 1764 1119 1847 κατη-

61 1886 87 1927 15
101 1890 235 1950 νεγκεν,
263 1863 332 1932 οὔτ’
364 1867 532 1951 εὐγενείας
559 1869 756 1952 φειδόμενος
784 1864 852 1933 οὔτ’
887 1867 1004 1953 ἀρετῆς
1033 1865 1116 1935 οὔθ’

100 1974 237 2058 ἡλικίας.

168 2080 219 2145 LI.
262 2082 389 2156 Ταύτας
419 2079 500 2165 ὑμῖν
528 2080 546 2145 ὁ
575 2080 694 2163 δῆμος,
726 2074 752 2144 ὦ
780 2082 901 2165 βουλή,
928 2080 987 2158 τδις
1012 2083 1121 2161 καλὰς

101 2187 241 2271 ἀμοιβὰς
263 2184 341 2252 ἀνθ’
364 2181 412 2253 ὧν
430 2190 555 2251 ἔπαθεν
574 2185 756 2270 <ἀγαθῶν>
774 2190 908 2252 πολλῶν
932 2188 1042 2252 όντων
1061 2187 1120 2255 καὶ

102 2294 254 2377 μεγάλων
285 2295 343 2370 τὰς
375 2290 436 2378 μέν
467 2291 637 2357 ἀπέδωκεν
666 2294 747 2377 ἤδη,
779 2293 837 2370 τὰς
864 2291 894 2358 δ’
926 2292 1120 2362 ἀποδώσειν

63 2419 89 2458 ιω
103 2403 254 2484 ἔμελλεν,
281 2402 313 2464 εί
339 2401 383 2484 μη
411 2401 448 2465 τὸ
475 2404 628 2465 κωλῦσον
658 2396 735 2485 παρ’
761 2399 846 2484 ὑμᾶς
869 2398 1009 2483 ἐγένετο.
1057 2403 1120 2486 δίγε

103 2509 145 2590 δη
168 2517 232 2573 νῦν
256 2505 391 2572 κάκεῖνα
418 2505 631 2590 ἐνθυμήθητε
654 2505 771 2589 πόλιν,
800 2505 821 2571 ἀ
848 2507 929 2590 μετὰ
955 2517 1056 2574 τοῦτο
1079 2510 1121 2575 τὸ

102 2624 259 2697 γενναῖον
282 2611 337 2679 καὶ
361 2623 497 2699 σῶφρον
515 2611 610 2696 ὑμῶν
630 2613 728 2698 ἔργον
747 2613 898 2698 ἔδρασεν,
921 2613 978 2677 ἵνα
998 2625 1122 2700 γνῶτε,

67 2723 88 2787 2
103 2721 218 2787 ὅντινα
235 2721 297 2806 χρὴ
316 2722 442 2805 τρόπον
460 2718 548 2806 αὐτῷ
565 2716 823 2804 προσφέρεσθαι.
860 2717 986 2796 ἐκεῖνος
998 2723 1122 2787 τοίνυν

102 2828 147 2906 ὡς
174 2829 299 2911 έμαθεν
327 2825 413 2910 ὑμᾶς
445 2822 554 2892 οὐκέτι
583 2822 745 2911 φέροντας
776 2824 880 2890 αὐτοῦ
911 2827 973 2910 την
1003 2825 1122 2914 ὕβριν,

175 3062 188 3109 1
209 3055 261 3110 οόκ
280 3053 316 3108 ἂν
335 3071 358 3108 c.
377 3052 521 3121 Kiessling
545 3052 550 3117 Ι
575 3051 644 3121 μετὰ
661 3051 697 3106 τδι
714 3050 820 3106 τοώτων
837 3050 861 3104 Β
879 3050 966 3107 verba
984 3056 1122 3124 corrupta

103 3143 163 3180 esse
183 3128 213 3180 et
231 3125 271 3180 sic
289 3124 402 3180 restitui
420 3140 503 3193 posse
522 3125 554 3178 ut
572 3122 722 3177 scribatur:
742 3123 812 3176 ἀλλὰ
825 3122 875 3185 τδις
888 3122 982 3193 ψυχὰς
996 3121 1034 3179 ἀν
1048 3124 1121 3197 πρό-

102 3217 183 3266 τερον
202 3196 354 3266 προέμενοι
372 3193 389 3263 ἢ
408 3203 505 3262 ταῦτα,
529 3194 675 3266 ἀνῄρησθε
694 3194 740 3261 ἀν,
760 3193 789 3248 οἷ
805 3193 856 3263 μέν
875 3211 932 3262 equ.
952 3211 975 3248 ο.
991 3194 1119 3251 Sintenis

33 3324 35 3328 Α
103 3267 163 3322 Em.
184 3266 263 3348 Diop.
283 3268 369 3320 [1121
463 3273 495 3319 14
513 3267 599 3356 πολὺς
622 3265 677 3346 δελ.
694 3264 871 3390 ἒροθλΐθλῶεθ.
894 3270 1056 3402 ρὲλᾶξαθή
1084 3274 1119 3393 (112

102 3335 697 3553 5⁷53}efessspsszestfaefaenggssmgutc&⁷5:53
712 3353 831 3476 ἀξαθοών
846 3353 954 3462 πέλέλῶν
969 3381 1118 3465 Οοδοέ1.1,

103 3488 135 3536 21
156 3501 172 3535 κ
193 3487 254 3535 κεῖν
278 3500 293 3534 ο
430 3478 500 3549 μετδι
516 3476 622 3533 τούτων
