2424 3848
547 175 715 227 ..Θ-

123 335 284 424 Ἀθήνησι
312 335 342 402 δ’
370 339 530 423 ἄρχοντος
553 340 717 422 Χάρητος,
745 336 903 404 ἐπίπονον
930 339 1062 425 σφόδρα
1086 339 1143 406 καὶ

126 447 300 533 ταραχώδη
324 445 385 528 τήν
407 442 514 529 ἀρχήν
538 441 736 526 διετέλεσαν,
759 444 895 528 εἰρήνην
919 441 980 528 μὲν
1003 448 1144 529 ἄγοντες

128 552 192 618 ἀπὸ
215 561 283 617 τῶν
306 548 431 627 ἔξωθεν
452 546 608 633 πολέμων
626 585 668 594 -
689 548 726 613 ἐν
747 549 868 637 ήσυχίμ
886 551 949 636 γὰρ
973 547 1016 635 ἦν
1034 555 1144 625 πάντα

45 651 48 655 ’
128 660 168 723 τὰ
196 657 340 742 διάφορα
366 691 404 702 -
429 654 494 721 ὑπὸ
524 651 560 719 δέ
583 665 650 720 τῶν
672 653 710 719 ἐν
731 664 771 740 τῇ
794 659 889 721 πόλει
913 658 1061 724 στάσεων
1086 661 1145 726 αὐ-

102 767 184 830 ετοί
207 760 235 828 τ’
264 765 310 840 είς
336 762 516 838 κινδύνους
543 759 701 846 ἀχθέντες
727 759 782 826 καὶ
809 762 870 845 τήν
897 767 996 831 πόλιν
1025 767 1144 851 ὀλίγον

130 872 305 952 δεήσαντες
323 866 491 934 ἀπολέσαι.
524 868 568 944 ὡς
581 869 644 952 γάρ
659 866 866 934 ἀνεπαύσατο
880 880 948 934 τῶν
962 882 1145 958 στρατειῶν

129 979 167 1041 τὸ
189 980 335 1060 πλῆθος,
364 972 416 1040 ἐπὶ
439 975 500 1058 τήν
525 975 689 1058 διανομήν
712 970 817 1050 εὐθὺς
840 975 971 1060 ὥρμησε
994 989 1062 1043 τῶν
1087 982 1146 1064 δη-

95 1085 257 1166 2μοσίων
280 1080 401 1167 ἀγρῶν.
443 1075 486 1162 ἦν
508 1080 571 1165 γάρ
594 1103 644 1156 τις
667 1078 704 1145 ἐν
727 1091 795 1157 τοῖς
815 1081 995 1168 δημάρχοις
1012 1089 1145 1169 θρασὺς

130 1187 186 1254 καὶ
214 1185 324 1271 λέγειν
355 1186 416 1253 οὐκ
444 1184 608 1262 ἀδύνατος
634 1184 735 1271 ἀνήρ,
768 1189 889 1262 Γναῖος
916 1190 1092 1276 Γενύκιος,
1126 1194 1207 1260 (31845

90 1321 117 1360 ιο
130 1296 338 1382 παραθήγων
360 1294 417 1369 τάς
439 1292 540 1376 ὀργάς
561 1302 629 1357 τῶν
650 1295 811 1375 πενήτων.
853 1293 950 1370 ούτος
972 1295 1146 1381 ἐκκλησίας

131 1400 287 1483 συνάγων
324 1397 475 1465 ἑκάστοτε
511 1396 568 1463 καλ
604 1396 848 1482 ἐκδημαγωγῶν
884 1405 962 1478 τοὺς
998 1403 1146 1490 ἀπόρους

130 1505 377 1594 προσηνάγκαζε
400 1508 478 1582 τοὺς
499 1504 645 1581 ὑπάτους
667 1505 707 1570 τά
729 1505 795 1570 ὑπὸ
818 1515 874 1590 τῆς
896 1511 1021 1594 βουλῆς
1044 1522 1147 1597 ψηφι-

133 1610 257 1678 σθέντα
288 1609 365 1696 περὶ
397 1620 455 1694 τῆς
486 1614 685 1694 κληρουχίας
718 1616 897 1678 συντελεῖν.
951 1615 986 1678 οί
1016 1613 1050 1680 δ’
1084 1618 1146 1704 οὐχ

132 1719 305 1801 ὑπήκουον
328 1717 369 1782 οὐ
391 1725 430 1801 τίη
456 1713 584 1780 ἑαυτῶν
607 1716 690 1802 ἀρχή
708 1715 860 1800 λέγοντες
878 1718 1089 1806 ἐπιτετάχθαι
1108 1727 1146 1789 τὸ

94 1849 120 1890 15
133 1826 233 1908 ἔργον
260 1823 325 1888 ὑπὸ
354 1832 411 1907 τῆς
438 1826 577 1906 βουλῆς,
605 1821 688 1887 ἀλλά
715 1835 784 1900 τοῖς
810 1825 891 1908 μετά
914 1827 1066 1894 Κάσσιον
1090 1829 1146 1894 καλ

135 1929 335 2016 Οὐεργίνιον
366 1928 519 2010 ὑπάτοις,
549 1930 633 2012 πρὸς
665 1927 723 2005 οὓς
754 1927 809 1994 καὶ
840 1933 877 1996 τὸ
909 1934 1148 2020 προβούλευμα

133 2035 274 2121 ἐγράφη·
297 2033 354 2101 καὶ
376 2037 443 2119 ἅμα
466 2030 538 2100 οὐδ’
565 2029 652 2100 εἶναι
673 2038 799 2119 νόμους
821 2038 867 2113 είς
890 2036 942 2103 ἀεὶ
963 2044 1104 2125 κυρίους
1127 2043 1148 2108 δ

127 2146 306 2228 ψηφίζεται
326 2145 364 2207 τὸ
384 2140 574 2225 συνέδριον,
596 2140 681 2206 ἀλλά
698 2143 918 2226 πολιτεύματα
935 2157 1062 2229 καιρῶν
1082 2147 1148 2213 ἐνι-

95 2251 253 2322 3αύσιον
271 2252 388 2334 ἔχοντα
408 2249 512 2331 ίσχύν.
544 2247 663 2324 ταύτας
680 2249 961 2333 προβαλλομένων
977 2264 1047 2317 τῶν
1065 2254 1149 2319 ὑπά-

89 2380 120 2421 εο
133 2379 201 2422 των
223 2357 280 2432 τὰς
303 2357 408 2432 αίτίας
430 2353 594 2430 ἀδύνατος
617 2354 665 2418 ὢν
688 2354 705 2419 ὁ
726 2356 884 2432 Γενύκιος
906 2357 1028 2433 αὐτούς
1047 2358 1150 2445 ἀναγ-

133 2462 231 2528 κάσαι
254 2465 387 2547 μείζονα
410 2459 564 2538 ἐξουσίαν
587 2461 721 2545 έχοντας
741 2462 859 2545 ίταμήν
878 2463 960 2529 ὁδὸν
979 2463 1147 2549 ἐτράπετο.

133 2582 203 2647 τοῖς
231 2571 294 2654 γάρ
324 2568 527 2633 ὑπατεύσασι
556 2567 592 2631 τὸ
623 2567 813 2651 ἔμπροσθεν
840 2570 912 2645 ἔτος
938 2573 1084 2660 Μαλλίῳ
1113 2597 1147 2638 τε

132 2674 190 2741 καὶ
216 2678 348 2762 Λευκίω
379 2675 476 2756 δίκην
505 2671 663 2755 ἐπήνεγκε
691 2673 871 2757 δημοσίαν,
903 2672 959 2739 καὶ
985 2690 1147 2762 προεῖπεν

134 2784 227 2867 ήκειν
246 2779 299 2846 ἐπὶ
317 2782 376 2844 τὸν
395 2780 502 2862 δῆμον
520 2776 841 2862 ἀπολογησομένους,
861 2780 974 2865 ὁρίσας
991 2784 1203 2871 άντικρυςιιιε

94 2909 121 2951 ιε
135 2890 197 2973 τήν
226 2889 335 2953 αἰτίαν
364 2894 421 2969 τῆς
451 2885 558 2969 δίκης,
589 2883 639 2948 ὅτι
666 2886 726 2950 τὸν
754 2886 861 2968 δήμου
889 2884 1064 2955 ἀδικοῦσιν
1089 2893 1149 2957 οὐκ

136 2992 366 3073 ἀποδείξαντες
383 2993 461 3067 τοὺς
479 2991 558 3055 δέκα
572 2990 706 3075 ἀνδρας,
725 2989 784 3067 οὓς
798 2990 981 3076 ἐψηφίσατο
996 2993 1016 3076 ή
1032 3000 1149 3081 βουλή,

209 3227 379 3290 δστρατιῶν
397 3218 450 3271 ΑΒ
532 3216 709 3273 9δαδδ.Β
792 3222 824 3272 10
844 3213 993 3287 ἐκκλησίαν
1011 3222 1037 3275 Α
1118 3229 1147 3278 13

138 3294 188 3362 οὐχ
210 3309 263 3346 om.
282 3290 305 3344 Β
398 3295 431 3343 14
453 3287 591 3358 τετάχθαι
607 3287 633 3341 Α
724 3291 757 3342 15
780 3288 845 3357 περὶ
862 3289 987 3347 Κάσσιον
1006 3310 1029 3346 c.
1049 3293 1147 3349 Portus

141 3371 173 3418 16
191 3362 240 3416 καλ
259 3379 312 3416 om.
327 3361 373 3414 Ba
447 3366 480 3414 17
498 3359 555 3415 αίεὶ
574 3359 621 3413 Ba
694 3364 726 3413 18
745 3359 844 3430 καιρὸν
864 3355 1007 3418 ἐνιαύσιον
1028 3363 1050 3419 O
1069 3383 1148 3435 prae-

139 3433 222 3486 terss
295 3437 327 3486 21
347 3429 493 3504 <ίτ>αμήν
511 3430 557 3484 Bb
630 3436 664 3484 λλ
682 3430 784 3502 Μαλίῳ
802 3429 849 3482 Bb
