2378 3840
90 210 156 277 300
511 213 679 263 -ο-

90 374 202 450 αὐτοῖς
219 375 268 437 ἔτι
286 372 322 438 ολ
332 371 483 457 πολέμιοι
499 373 659 456 ἐτόλμων,
677 372 761 438 ἀλλὰ
774 374 935 456 τειχήρεις
948 369 1106 456 μένοντες

88 480 128 544 τδι
150 479 256 544 πολλὰ
278 476 333 544 καὶ
356 477 549 556 κλέπτοντες
571 481 629 568 τάς
651 478 787 556 ἐξόδους
805 475 991 562 διετέλουν,
1012 466 1104 544 καλό

88 580 150 668 μὲν
172 586 296 668 χειμὼν
319 583 445 662 ἐκεῖνος
467 585 616 668 <οὕτως>
640 584 799 650 ἐτελεύτα.

155 689 243 755 XVI.
281 695 333 778 Τρλ
358 687 394 756 δέ
417 694 556 756 κατόπιν
574 694 638 756 ἔτει
658 695 805 757 Λευκίου
822 688 851 755 τ’
871 692 1033 774 Αἰμιλίου
1050 688 1103 756 καί

60 799 194 862 ιΓαίου
217 801 419 882 Σερουιλίου
445 799 507 881 τὴν
535 797 694 863 ὑπατείαν
721 799 977 881 παρειληφότων
1001 796 1103 881 ἀπηγ-

88 900 167 986 γέλη
185 900 368 987 Ῥωμαίοις,
390 904 441 968 ὅτι
462 903 670 970 Οὐολοῦσκοι
693 902 748 968 καὶ
767 900 908 968 Αἰκανοὶ
932 905 1102 987 συνθήκας

89 1011 285 1092 πεποίηνται
312 1011 466 1094 στρατιάς
493 1008 562 1074 κατ’
588 1010 698 1074 αὐτῶν
721 1011 788 1093 ἅμα
811 1008 957 1092 ἐξάγειν,
985 1007 1041 1074 καὶ
1063 1007 1102 1074 οδ

89 1114 145 1178 διὰ
172 1125 301 1200 μακροῦ
328 1118 375 1192 είς
402 1116 463 1198 τήν
486 1117 598 1201 χώραν
621 1115 815 1199 ἐμβαλοῦσι
847 1109 969 1197 καλήν
994 1113 1100 1198 ἀληθή

88 1221 128 1284 τὰ
151 1224 320 1305 λεγόμενα.
357 1228 483 1287 θᾶττον
506 1232 590 1305 γοῦν
609 1221 629 1306 ή
648 1222 835 1303 προσεδόκα
853 1245 903 1298 τις
922 1220 1102 1305 ἀμφότεροι

52 1347 75 1386 ιο
88 1327 146 1403 τὰς
174 1328 331 1412 δυνάμεις
358 1331 488 1414 ἔχοντες
515 1324 638 1414 ἐδήουν
665 1329 726 1411 τήν
752 1329 834 1392 κατά
861 1336 948 1411 σφᾶς
973 1326 1102 1392 ἔκαστοι

88 1433 212 1518 χώραν,
235 1434 280 1510 ὡς
302 1434 362 1519 οὐχ
383 1436 506 1500 ἱκανῶν
525 1432 695 1518 ἐσομένων
708 1431 877 1517 Ῥωμαίων
895 1442 940 1520 τῷ
961 1457 996 1498 τε
1021 1437 1101 1517 Τυρ

89 1549 213 1628 ρηνιιιςό
241 1537 373 1628 πολέμῳ
402 1538 551 1624 ἀντέχειν
574 1537 629 1605 καλ
653 1548 738 1623 σφᾶς
761 1537 912 1614 ἐπιόντας
935 1535 1100 1623 δέχεσθαι.

52 1648 70 1711 2
89 1643 143 1709 καὶ
167 1644 272 1730 ἕτεροι
295 1639 395 1720 αὖθις
415 1645 551 1727 ήκοντες
569 1644 861 1728 ἐκπεπολεμῶσθαι
879 1646 963 1730 πρὸς
981 1644 1111 1720 αὐτοὺς

94 1753 284 1835 Τυρρηνίαν
299 1749 507 1834 ἀπήγγελλον
526 1751 608 1835 ὅλην
626 1749 681 1816 καὶ
700 1750 969 1836 παρεσκευάσθαι
985 1751 1100 1817 Οὐιεν·

52 1876 74 1917 ιι
87 1866 200 1932 τανοῖς
222 1859 340 1940 κοινήν
363 1855 577 1922 ἀποστέλλειν
596 1862 793 1942 συμμαχίαν.
830 1854 1022 1942 κατέφυγον
1041 1857 1099 1940 γάρ

89 1962 133 2057 ὡς
156 1963 277 2040 αὐτοὺς
300 1963 457 2028 ἀδύνατοι
476 1966 570 2040 ὄντες
589 1963 711 2041 ἐξελεῖν
730 1960 773 2027 δι’
798 1960 923 2027 ἑαυτῶν
942 1964 981 2028 τὸ
999 1963 1150 2047 φρού-ιιεό

89 2093 164 2153 ριον
193 2070 406 2155 Οὐιεντανοί,
434 2073 627 2153 συγγενείας
653 2093 687 2134 τε
714 2069 1024 2154 ὑπομιμνήσκοντες
1051 2066 1102 2134 καὶ

89 2180 202 2260 φιλίας
215 2175 270 2242 καὶ
285 2178 385 2255 ὅσους
398 2174 467 2261 μετ’
477 2177 588 2242 αὐτῶν
601 2179 725 2263 ήραντο
737 2175 902 2259 πολέμους
911 2175 1101 2253 διεξιόντες·

90 2280 164 2347 ἀντὶ
193 2283 328 2348 πάντων
355 2279 393 2348 δέ
419 2284 546 2349 τούτων
575 2283 743 2363 ἀξιοῦντες
770 2281 982 2365 συνάρασθαι
1010 2287 1102 2366 σφίσι

52 2406 76 2446 υ
89 2397 149 2453 τοῦ
172 2390 253 2453 κατά
272 2385 441 2474 Ῥωμαίων
463 2387 626 2474 πολέμου,
649 2390 693 2466 ὡς
716 2399 811 2474 σφῶν
834 2411 867 2452 τε
891 2386 1102 2472 προκαθημέ-

88 2516 159 2558 νων
182 2497 368 2580 Τυρρηνίας
391 2494 471 2579 ὅλης
493 2480 548 2560 καὶ
570 2498 629 2562 τὸν
653 2498 798 2578 πόλεμον
821 2492 1100 2579 ἀνακωχευόντων

89 2602 148 2665 τὸν
176 2599 240 2665 ἀπὸ
259 2597 383 2686 Ῥώμης
410 2600 529 2688 δέοντα
555 2604 638 2668 κατὰ
664 2602 797 2667 πάντων
823 2611 891 2665 τῶν
917 2600 1101 2683 ὁμοεθνῶν.

88 2703 145 2770 καλ
168 2708 204 2772 οί
224 2704 392 2792 Τυρρηνοὶ
414 2705 607 2785 πεισθέντες
629 2705 812 2792 ὑπέσχοντο
830 2703 971 2789 πέμψειν
991 2705 1107 2781 αὐτοῖς

160 2941 175 3024 11
200 2932 336 3003 τειχήρεις
358 2933 475 3024 μδνὶήίίί
493 2933 529 2988 τά
551 2937 599 2987 Aa
621 2936 688 3003 post
731 2932 761 2988 ἐν
780 2933 844 3014 εδδ.
863 2931 894 2985 in
911 2948 967 2987 ras.
987 2930 1027 2994 είς
1044 2931 1101 2998 Ab,

88 3002 489 3145 δόλλῗιὲιὲἒζῖἔέἳξλαιδο
504 3003 708 3145 ειῗ).”ἐὸλῗςδ.
723 3003 757 3128 λ
770 3003 962 3143 δὲλξξαιιλ
975 3004 1102 3130 ξεδλίέλ

88 3179 154 3236 Oba.
173 3200 200 3250 p.
217 3187 268 3237 17⁶
342 3190 357 3238 6
381 3181 522 3237 Λευκανοὶ
539 3179 616 3235 ΑΒιι
638 3177 756 3233 Αἰκανοὶ
773 3180 821 3234 Bb
893 3185 910 3234 8
933 3149 1102 3248 ἐμβάλλουσι

87 3249 113 3302 Α
159 3259 174 3306 9
194 3250 393 3323 ἀμφοτέροιςΑ
445 3258 477 3306 10
494 3251 543 3314 τὰς
558 3249 633 3312 ἰδίοις
647 3248 781 3319 δυνάμεις
795 3268 818 3306 ο.
833 3249 936 3305 Reiske
952 3258 957 3318 Ι
974 3245 1056 3305 ἐκάτε
1074 3269 1101 3304 οι

88 3335 110 3371 0.
131 3322 254 3378 Raeudler
277 3323 366 3379 Tiroc.
391 3322 452 3379 orit.
474 3341 501 3392 p.
522 3328 555 3378 59
649 3325 680 3373 13
705 3316 959 3392 ἐκπεπολεμεῖσθαι
981 3320 1031 3376 BG
1087 3351 1098 3360 ·

87 3393 282 3459 πολεμοοσθαι
301 3412 322 3448 c.
344 3393 444 3448 Portus
532 3400 564 3448 18
583 3391 632 3446 καλ
650 3409 703 3446 om.
724 3393 769 3445 Βιι
855 3399 887 3447 19
907 3394 1102 3460 συναίρεσθαι

88 3459 133 3511 Ba
206 3469 237 3516 21
264 3464 499 3532 ἀνακωχευόντων
518 3480 541 3518 ο.
561 3461 690 3516 Ηοτλὶοίυ
709 3462 825 3517 Hermes
844 3462 870 3516 X
888 3468 941 3518 418
