2424 3848
503 173 669 224 -Θ-

73 328 168 416 γωγά
190 330 244 396 καί
268 333 375 397 πολλὰ
398 331 517 415 μεταξὺ
541 343 608 396 τῶν
632 335 743 414 λόγων
762 331 934 418 ἐκχέοντος
953 331 1092 416 δάκρυα,

74 445 228 524 λοχαγῶν
251 462 285 503 τε
309 437 364 503 καὶ
387 438 571 524 ταξιάρχων
593 436 734 503 καὶτῶν
752 440 864 503 άλλων
883 449 1092 523 στρατιωτῶν

76 545 226 627 ἕκαστον,
250 539 276 632 ᾧ
301 542 440 630 συνήὺει
462 568 494 608 τι
517 547 669 629 λαμπρὸν
692 547 791 629 ἔργον
814 527 851 610 ἐν
875 545 993 630 μάχαις
1011 544 1092 610 άπο-

76 649 274 740 ὑειξαμίνῳ,
301 647 373 716 κατ’
401 654 507 734 ὑνομα
534 650 796 730 ἀνακαλοῦντος,
822 649 877 716 καὶ
905 653 1012 716 πολλὰ
1036 650 1092 717 καὶ

76 758 202 842 μεγάλα
224 768 293 834 τοῖς
315 757 528 842 ἀριστεύσασι
551 758 632 822 κατὰ
655 758 724 840 τήν-
739 757 848 842 μάχην
866 758 1091 842 φιλάνθρωπα
1119 782 1132 822 5

76 865 199 929 θύσειν
220 862 488 949 ὑπισχνουμένου
511 866 594 947 πρὸς
616 865 652 928 τὸ
676 874 742 927 τῶν
765 863 916 947 πράξεων
939 863 1092 947 μέγεθος,

75 970 173 1054 τιμάς
199 993 233 1034 τε
261 967 315 1034 καὶ
343 970 509 1046 πλούτους
530 967 585 1034 καὶ
608 970 665 1046 τάς
688 970 790 1045 ἄλλας
811 972 985 1052 βοηθείας,
1013 969 1092 1035 ἀνα-

76 1078 210 1161 βοήσεις
238 1075 270 1153 ἐξ
298 1074 453 1140 ἁπάντων
476 1075 627 1159 ἐγίνοντο
650 1082 792 1160 θαρρεῖν
815 1098 848 1139 τε
872 1080 1092 1159 παρακελευο-

77 1181 189 1267 μένων
211 1181 267 1247 καὶ
290 1184 384 1265 άγειν
407 1181 461 1247 ἐπὶ
482 1184 542 1248 τὸν
565 1182 678 1265 ἀγῶνα
697 1181 888 1260 ἀξιούντων.
924 1181 1036 1265 ἐπειὺή
1057 1179 1127 1252 6²2

78 1289 259 1369 ἐπαύσατο,
291 1287 488 1373 προέρχεταί
515 1312 565 1365 τις
598 1288 634 1353 ἐκ
662 1299 723 1354 τοῦ
752 1289 920 1371 πλήθους,
952 1288 1092 1368 Μάρκος
1106 1313 1132 1352 10

80 1397 290 1479 Φλαβολήιος
309 1397 425 1478 ὄνομα,
438 1394 529 1479 οἰνήρ
550 1396 726 1478 δημοτικὸς
744 1391 805 1478 μὲν
823 1393 877 1459 καὶ
897 1394 1092 1478 αὐτουργός,

78 1502 120 1567 ού
139 1503 205 1584 μήν
223 1512 290 1566 τῶν
309 1500 562 1586 ἀπερριμμένων
581 1525 641 1583 τις,
659 1500 742 1565 ἀλλὰ
759 1512 827 1566 τῶν
843 1499 1091 1585 ἐπαινουμένων

78 1605 123 1672 ὑί
142 1606 262 1692 άρετήν
280 1606 335 1672 καὶ
353 1609 393 1672 τά
411 1607 551 1691 πολέμια
569 1609 716 1691 άλκιμος,
734 1605 790 1672 καὶ
809 1605 853 1671 δι’
872 1609 970 1691 άμφω
989 1618 1091 1674 ταῦτα

78 1711 154 1790 ἑνὸς
173 1725 240 1779 τῶν
258 1715 431 1798 ταγμάτων
449 1724 487 1799 πή
507 1714 717 1799 λαμπροτάτῃ
735 1713 819 1799 ἀρχή
839 1712 1092 1798 κεκοσμημένος,

26 1813 101 1905 ιοεῇ
127 1821 185 1896 τάς
213 1817 369 1904 ἑξήκοντα
396 1818 659 1906 ἑκατονταρχίαςἸ
674 1820 816 1886 ἕπεσθαί
839 1844 873 1885 τε
901 1818 956 1885 καὶ
979 1823 1016 1886 τὸ
1040 1844 1092 1885 κε-
1106 1846 1132 1886 15

77 1930 260 2010 λευόμενον
284 1926 459 2011 ὑπηρετεῖν
481 1929 608 1993 κελεύει
630 1927 692 2011 <ὑ>
715 1931 823 2011 νόμος.
861 1928 998 2020 τούτους
1016 1925 1092 1991 Ῥω-

77 2043 171 2117 μαῖοι
199 2035 277 2110 τοὺς
305 2034 469 2118 ἡγεμόνας
497 2042 536 2119 τῇ
564 2037 689 2122 πατρίῳ
717 2035 845 2118 γλύττη
872 2037 1093 2117 πριμοπίλους

77 2145 248 2204 καλοῦσιν.
282 2135 378 2217 οὑτος
392 2141 410 2206 ὑ
426 2139 510 2224 άνήρ
521 2177 562 2186 -
577 2135 621 2223 ήν
636 2137 673 2204 δὲ
686 2141 769 2223 πρὸς
783 2151 852 2216 τοῖς
865 2141 979 2216 άλλοις
992 2136 1093 2222 μέγας
1106 2148 1127 2210 3

78 2269 113 2310 τε
137 2244 191 2310 καὶ
214 2247 314 2323 καλὸς
338 2247 422 2310 ἰδεῖν
440 2284 477 2292 -
500 2246 589 2329 στάς,
612 2245 695 2310 ὑθεν
718 2246 840 2310 άπασιν
863 2247 1000 2328 ἔμελλεν
1018 2247 1092 2341 *ἔσε-

80 2359 162 2417 σθαι
185 2355 344 2436 φανερός,
368 2350 458 2416 Ἐπεὶ
480 2350 585 2435 τοῦτ’,
612 2355 750 2436 ἔφησεν,
774 2346 800 2414 ὧ
823 2351 959 2432 ὑπατοι,
983 2351 1091 2415 ὑεδοί-
1105 2376 1132 2414 το

78 2483 167 2540 κατε,
191 2460 234 2541 μή
258 2458 297 2521 τὰ
320 2460 399 2541 ἔργα
422 2457 517 2541 ήμῶν
536 2457 596 2542 οὐχ
616 2458 714 2541 ὑμοια
732 2456 865 2540 γένηται
882 2467 952 2533 τοῖς
970 2460 1092 2539 λόγοις,

80 2565 144 2648 ἐγὼ
172 2575 301 2649 πρῶτος
327 2565 408 2648 ὑμῖν
436 2560 519 2648 ὑπὲρ
547 2564 691 2648 ἐμαυτοῦ
713 2566 750 2630 τὸ
773 2562 909 2648 βέβαιον
933 2572 989 2646 της
1010 2562 1092 2628 ὑπο-

81 2669 223 2757 σχέσεως
245 2669 282 2736 ἐκ
304 2678 362 2754 τής
384 2674 537 2754 μεγίστης
554 2675 694 2747 πίστεως
711 2667 903 2754 παρέξομαι·
926 2667 981 2734 καὶ
998 2668 1092 2752 ὑμεῖς

43 2782 45 2785 ’
81 2777 128 2858 δ’,
157 2773 182 2842 ὦ
206 2782 338 2843 πολῖται
360 2801 394 2841 τε
417 2774 552 2860 καὶτῆς
575 2776 676 2859 αὐτῆς
697 2774 854 2842 κοινωνοὶ
877 2777 991 2860 τύχης,
1018 2775 1091 2840 ὅσοι

153 2929 219 2988 δέν
238 2949 292 2988 om.
312 2932 334 2984 Β
351 2938 354 3000 Ι
371 2931 644 3002 ἀποδειξαμένωνΑ
722 2937 737 2985 ὅ
761 2932 810 2986 κοιλ
828 2934 892 2986 ουλε
912 2932 1018 3002 μεγάλα
1037 2949 1091 2985 om.
1192 2961 1193 2966 =

79 3007 127 3059 Ba
146 3003 209 3059 add.
228 3004 275 3058 Bb
365 3011 380 3058 6
400 3003 520 3074 μέγεθος
540 3046 545 3057 .
562 3046 567 3056 .
587 3003 668 3073 τιμὰς
686 3003 708 3056 Β
800 3011 815 3058 7
835 3004 1003 3075 ἀναβοήσεις
1021 3022 1050 3057 τε
1068 3002 1091 3054 Β

80 3084 97 3131 9
121 3074 198 3149 <θ>ὲ
217 3075 264 3127 Bb
351 3081 384 3129 10
406 3073 590 3145 προσέρχεται
607 3074 660 3127 AB
747 3080 778 3128 11
806 3073 977 3147 Φλαβολήιος
996 3072 1091 3135 ὑλοςὺ

80 3147 153 3217 ἀνήρ
173 3148 237 3215 ὑημ.
256 3147 282 3199 Α
302 3149 349 3199 Φλ.
369 3145 458 3216 ὄνομα
477 3147 625 3216 δημοτικὸς
645 3148 666 3200 B
747 3152 777 3198 13
802 3144 842 3199 δι’
863 3148 893 3198 et
913 3153 945 3198 14
963 3153 1018 3199 τῶν
1038 3162 1091 3198 om.

80 3221 126 3273 Ba
200 3223 233 3272 16
253 3215 267 3270 ὑ
287 3219 352 3270 ante
371 3219 455 3288 νόμος
475 3218 539 3272 add.
558 3217 701 3287 Kiessling
723 3223 726 3284 Ι
749 3215 864 3278 τούτους
878 3214 1008 3285 Ῥωμαῖοι
1027 3215 1091 3268 add.

80 3290 182 3357 Bbmg
256 3294 288 3342 17
306 3291 485 3358 πριμιπίλους
504 3306 526 3343 υ,
542 3288 631 3342 Cobet
650 3288 716 3343 obs.
730 3305 757 3356 p.
775 3294 825 3341 174
893 3294 926 3340 20
946 3281 1092 3340 ἐπὶτοῦτο

80 3361 105 3414 A
129 3356 176 3415 ἐπὶ
198 3359 287 3430 ’τούτῳ
305 3359 340 3411 Β·
352 3376 421 3413 corr.
441 3358 564 3414 Sintenis
588 3359 647 3428 Em.
670 3361 750 3414 Dion.
770 3357 810 3410 111
829 3364 863 3412 27
888 3357 957 3410 duce
976 3355 1092 3412 Reiskio

81 3440 116 3487 24
136 3429 196 3486 ὅσοι
214 3429 250 3499 θη
270 3426 409 3498 ἐγνώκατε
428 3448 450 3485 ος
465 3429 568 3484 Reiske
969 3435 972 3442 ·
1079 3449 1081 3455 ’
