2424 3848
526 188 686 236 -Ζ-
1069 187 1111 250 83

85 350 144 425 τάς
171 348 357 430 διαλλαγάς
379 351 536 430 πλείστην
560 345 817 430 ἀποδειξάμενος
834 351 1027 431 προθυμίαν
1049 373 1111 431 φα-

82 465 197 540 νερῶς
215 453 272 518 κοιλ
291 456 364 519 τότε
384 462 430 541 τῷ
455 455 548 542 δήμω
573 453 799 538 συνελάμβανε
823 451 878 518 καὶ
902 456 1002 535 λόγον
1027 455 1111 534 διεξ-

80 561 176 643 ῆλθε
211 561 293 644 μετά
325 564 449 644 πολλῆς
476 563 695 644 συγκείμενον
722 561 917 646 φροντίδος,
952 559 1110 645 έπιτιμῦν

79 664 147 747 μὲν
175 677 249 743 τοῖς
272 667 334 732 οὐκ
356 666 434 732 ἐῶσι
461 670 541 752 μίαν
569 662 655 731 εἶναι
681 668 743 750 τὴν
770 669 885 749 πόλιν,
913 665 997 732 ἀλλὰ
1025 669 1109 732 διαι·

79 784 191 858 ροῦσι
210 774 249 837 τὸ
269 774 446 857 δημοτικὸν
458 773 530 839 ’ἀπὸ
548 784 615 839 τῶν
633 777 814 859 πατρικίων
837 772 892 839 καὶ
915 775 971 838 διά
992 775 1110 859 μικρὰς
1137 799 1149 839 ι

77 879 278 967 προφάσεις
304 878 467 964 πολέμους
494 879 769 965 ἀναζωπυροῦσιν
793 879 989 965 ἐμφυλίους·
1019 879 1108 945 ἐπαι-

77 999 158 1053 νῶν
190 981 231 1050 δέ
258 989 335 1062 τοὺς
360 987 398 1052 ἓν
424 988 462 1052 τὸ
493 984 664 1070 συμφέρον
686 984 741 1051 καὶ
764 988 880 1052 κοινὸν
903 985 1109 1071 ἡγουμένους

76 1092 137 1160 καὶ
167 1089 268 1157 πάντ’
294 1091 414 1158 ἐλάττω
438 1101 495 1176 τῆς
518 1093 675 1178 ὁμονοίας
696 1093 904 1179 τιθεμένους,
927 1095 1108 1181 διδάσκων,

77 1200 139 1283 ὡς,
169 1201 203 1263 εί
223 1197 353 1282 γένοιτο
371 1208 428 1283 τῆς
447 1200 540 1284 δίκης
558 1201 576 1266 ὁ
597 1202 710 1286 δῆμος,
734 1202 843 1284 ὥσπερ
863 1200 960 1282 ἀξιοῖ,
983 1203 1108 1288 κύριος,

75 1305 138 1372 καὶ
171 1305 298 1389 ταύτην
327 1307 415 1390 παρὰ
446 1316 506 1372 τοῦ
540 1309 719 1392 συνεδρίου
750 1309 811 1391 τὴν
843 1308 940 1393 χάριν
973 1305 1106 1385 ἑκόντος
1121 1331 1146 1369 10

24 1412 201 1500 ῑῧολάβοι,
225 1412 306 1498 τάχα
324 1409 385 1497 μὲν
402 1411 476 1479 οὐδ’
498 1412 659 1492 ἐπέξεισιν
678 1415 753 1499 άχρι
771 1412 897 1497 τέλους,
920 1411 991 1480 ἀλλ’
1014 1414 1107 1501 άρκε-

75 1518 186 1595 σθεὶς
205 1518 295 1606 αὐτῷ
314 1527 360 1607 τῷ
378 1517 612 1605 κεκρατηκέναι
625 1530 685 1585 τοῦ
700 1521 848 1604 σώματος
868 1518 1107 1607 ἐπιεικέστερον

74 1631 221 1708 μᾶλλον
244 1623 265 1708 ἢ
291 1627 519 1710 χαλεπώτερον
542 1626 630 1713 αὐτῷ
654 1628 818 1712 χρήσεται.
865 1629 895 1691 εί
924 1625 955 1693 δ’
982 1629 1046 1713 άρα
1070 1628 1141 1697 έκ2

72 1735 215 1807 παντὸς
234 1728 396 1813 οἰομένων
413 1732 539 1814 τρόπον
557 1741 625 1795 τῶν
643 1731 821 1816 δημάρχων
835 1730 928 1809 τέλος
942 1732 1106 1799 ἐπιθεῖναι

72 1838 208 1924 <δεῖν>
232 1839 375 1922 νόμιμον
401 1846 440 1922 τῇ
470 1838 545 1924 δίκῃ
568 1846 626 1921 τῆς
647 1839 763 1922 ψήφου
786 1841 959 1923 γενήσεται
981 1841 1106 1924 κύριος,
1121 1862 1146 1902 15

72 1945 252 2012 ἀπολύσει
281 1944 341 2009 τὸν
367 1944 473 2027 άνδρα
500 1952 558 2026 τῆς
585 1944 690 2020 αίτίας
717 1944 914 2029 αἰδούμενος
942 1942 1003 2029 μέν
1025 1947 1106 2012 αὐτὸ

72 2057 117 2120 τὸ
150 2051 357 2116 κινδυνεῦον
388 2060 497 2134 σῶμα,
528 2045 570 2115 οὗ
601 2051 709 2115 πολλά
735 2048 791 2115 καὶ
820 2053 904 2116 καλά
933 2054 1012 2134 ἔργα
1041 2055 1107 2136 ἔχει

72 2163 293 2244 μεμνῆσθαι,
311 2155 554 2233 ἀνταποδιδοὺς
575 2151 612 2220 δὲ
626 2157 749 2241 ταύτην
763 2159 825 2241 τὴν
838 2157 935 2243 χάριν
949 2166 988 2242 τῇ
1002 2178 1106 2242 παρα-

72 2264 217 2352 σχούσῃ
236 2263 297 2347 τὴν
315 2261 468 2340 ἐξουσίαν
487 2262 574 2350 αὐτῷ
595 2266 700 2347 βουλῇ
720 2261 774 2328 καὶ
791 2266 874 2348 πρὸς
887 2260 992 2348 μηδὲν
1012 2263 1106 2329 ἐναν-

71 2372 249 2454 τιωθείσῃ
272 2378 338 2433 τῶν
361 2372 512 2453 μετρίων.
558 2359 713 2455 παρεῖναι
730 2367 844 2453 μέντοι
862 2379 901 2454 τῇ
926 2371 1002 2454 δίκῃ
1026 2356 1145 2469 συν-χῖ)ο

73 2477 247 2562 εβούλευε
265 2473 320 2539 καὶ
339 2479 643 2558 συναπολογεῖσθαι
661 2484 706 2563 τῷ
726 2474 825 2560 ἀνδρὶ
843 2474 899 2541 καὶ
920 2479 977 2541 τὸν
997 2478 1104 2561 δῆμον

74 2584 207 2661 ἀξιοῦν
229 2577 337 2664 μηθὲν
361 2582 544 2664 διαγνῶναι
568 2579 644 2667 περὶ
667 2581 770 2647 αὐτοῦ
800 2582 944 2666 χαλεπὸν
967 2583 1044 2658 τούς
1065 2579 1102 2647 θ’

73 2688 236 2763 ὑπάτους
263 2689 318 2752 καί
345 2689 423 2764 τοὺς
449 2686 485 2752 ἐκ
513 2699 574 2753 τοῦ
603 2689 782 2773 συνεδρίου
805 2688 928 2764 πάντας
950 2685 1005 2750 καὶ
1027 2690 1105 2763 τοὺς

77 2798 212 2869 άλλους
238 2795 429 2878 πατρικίους
455 2795 536 2858 κατά
565 2799 694 2876 πλῆθος
725 2791 960 2878 ἀφικομένους·
993 2796 1104 2857 συνοί-

159 3024 176 3073 6
196 3018 246 3073 διὰ
264 3018 364 3089 μικρὰς
382 3017 504 3090 πολέμου
523 3021 681 3102 προφάσεις
699 3022 723 3075 A
742 3021 768 3075 δ.
782 3039 814 3110 μ.
834 3017 973 3108 πολέμους
989 3038 1018 3072 π.
1034 3018 1056 3071 Β
1076 3022 1107 3111 δἱ

82 3099 190 3224 μίῖῗέ
203 3089 675 3250 λωφίίῗχλῖιῗίῗέεῆἒὲξῗξ
692 3089 902 3216 ιωθίάωά
920 3091 1104 3216 32202052335

81 3183 179 3288 ἀοάιυε
193 3232 257 3288 εδδ.
275 3240 278 3295 λ
294 3249 439 3302 γενηοοιτο
454 3250 476 3287 ο.
488 3203 631 3303 Κίοεάλίιις
645 3233 679 3288 cf.
695 3233 841 3301 Baumann
856 3230 969 3296 Quaest.
984 3249 1102 3302 gramm.

82 3323 113 3374 p.
128 3310 164 3358 29
254 3310 287 3359 18
307 3303 358 3372 τὴν
377 3302 464 3371 αὐτὴν
484 3305 566 3374 χάριν
586 3304 609 3359 Ο
628 3321 696 3360 con.
718 3302 841 3357 Sintenis
860 3303 920 3358 Em.
940 3302 1101 3366 Dion.128

85 3382 121 3429 ‘22
140 3382 247 3444 γνῶναι
266 3376 288 3429 Ο
312 3376 469 3444 διαγνῶναι
489 3375 612 3445 Sylburg
701 3380 735 3428 24
755 3377 843 3428 οίοειν
862 3391 885 3430 ο.
904 3374 1012 3444 Kayser
1029 3375 1101 3429 Ann.

86 3445 157 3514 phil.
178 3451 246 3500 1868
265 3465 289 3516 p.
307 3450 360 3500 816

905 3535 941 3589 5*
