2424 3848
520 180 682 230 -z-
952 176 1109 244 ·33

90 335 167 406 οὔθ’
196 337 310 403 ὅπλων
338 338 414 405 οὔτε
442 341 552 422 λόγων
579 340 725 425 άπειροι,
757 344 899 427 προνοίᾳ
925 335 986 423 μὲν
1014 339 1110 425 έχρη-

90 460 192 510 σαντο
215 447 323 528 πολλῇ
347 446 440 510 σίτου
463 467 498 510 τε
520 443 576 511 καὶ
598 453 656 528 τῆς
677 446 779 530 άλλης
800 445 922 532 ἀγοράς
945 445 1109 531 ἐμπλῆσαι

88 550 152 632 τὴν
174 553 287 633 πόλιν,
309 549 354 627 ῶς
372 547 409 615 έν
431 559 470 637 τῇ
488 549 559 617 κατ’
583 552 687 635 αὐτην
705 551 858 640 εὐετηρίᾳ
876 561 933 636 τῆς
951 554 1110 637 ὁμονοίας

88 666 151 723 τοῦ
182 658 337 739 πλήθους
366 656 530 743 κειμένης·
564 659 605 725 οὐ
636 660 703 743 μὴν
736 656 902 742 ἐξεγένετό
934 657 966 744 γ’
996 660 1109 737 αὐτοῖς

89 760 291 848 ἀμφοτέρων
313 765 381 848 άμα
402 765 531 831 τούτων
548 775 673 850 τυχεῖν,
696 764 780 831 ἀλλὰ
801 771 1023 852 συνεισῆλθεν
1041 768 1108 852 άμα
1134 785 1149 828 ι

88 878 136 958 τῷ
158 872 249 958 κόρω
268 880 334 936 τῶν
353 869 493 954 ἀγαθῶν
512 870 533 954 ἡ
553 880 619 936 τῶν
637 869 854 958 χρησαμένων
873 873 986 950 αὐτοῖς
1002 872 1107 958 ὕβρις.

88 973 146 1041 καλ
168 978 243 1040 τότε
268 976 309 1058 δὴ
332 973 484 1061 μέγιστος
501 973 659 1061 κατέλαβε
677 979 739 1062 τὴν
751 974 880 1062 Ῥώμην
897 979 1055 1056 κίνδυνος
1074 977 1145 1057 έξθ

89 1081 206 1168 ἀρχῆς,
229 1081 284 1147 ότε
305 1079 411 1165 ἥκιστ’
438 1080 555 1148 ε’δόκει.
592 1083 681 1148 οἵτε
705 1084 768 1168 γάρ
792 1082 845 1148 ἐπὶ
867 1076 1108 1167 τὴνσιιωνίαν

89 1184 331 1265 ἀποσταλέντες
353 1184 410 1253 ὑπ’
433 1188 544 1254 αὐτῶν
561 1187 715 1275 πρέσβεις
731 1191 840 1254 πολὺν
858 1189 894 1254 ἐκ
914 1200 982 1254 τῶν
1004 1211 1109 1275 παρα-

89 1299 284 1361 θαλαττίων
310 1307 345 1360 ’τε
371 1292 427 1361 καὶ
454 1298 637 1380 μεσογείων
664 1295 832 1381 ἐμπορίων
860 1306 954 1362 σῖτον
981 1296 1109 1380 ῶνησά-
1123 1317 1151 1359 ιο

90 1424 187 1485 μενοι
199 1401 389 1484 κατήγαγον
403 1403 558 1490 δημοσίᾳ,
572 1402 653 1468 οἵτε
667 1404 900 1487 διαμείβεσθαι
913 1403 972 1480 τὰς
986 1401 1110 1487 ἀγοράς

91 1507 254 1584 είωθότες
275 1506 311 1572 έκ
332 1510 455 1585 παντὸς
477 1511 581 1575 τόπου
602 1513 788 1593 συνῆλθον,
810 1506 888 1595 παρ’
910 1503 958 1576 ὧν
974 1509 995 1593 ἡ
1014 1511 1110 1587 πόλις

24 1611 289 1698 ιοοεῶνησαμένη
308 1615 368 1680 τδν
385 1617 512 1701 φόρτον
531 1614 567 1680 έκ
589 1625 657 1681 τῶν
675 1624 800 1681 κοινῶν
822 1615 999 1700 χρημάτων
1021 1610 1110 1701 εἶχεν

91 1719 127 1785 έν
150 1725 295 1806 φυλακῇ.
335 1715 445 1805 ἦλθον
473 1717 510 1787 δὲ
537 1719 593 1786 καὶ
620 1722 656 1787 οί
680 1725 843 1807 πρότερον
870 1720 1144 1798 ἀποσταλέντες3

89 1824 248 1913 πρέσβεις
268 1828 317 1902 είς
339 1829 498 1892 Σικελίαν
521 1826 682 1909 Γεγάνιος
703 1825 758 1892 καὶ
782 1825 963 1912 Οὐαλέριος
984 1828 1108 1904 πολλάς
1123 1848 1149 1890 ιε

89 1933 230 2017 ἄγοντες
252 1932 411 2018 ὁλκάδας,
441 1932 478 1998 έν
501 1923 554 2011 αἷς
576 1932 766 2018 ἐκομίζοντο
788 1944 906 2018 πυρῶν
928 1931 1025 1998 πέντε
1048 1958 1109 2017 μυ-

90 2039 205 2125 ριάδες
233 2035 402 2123 μεδίμνων
425 2044 626 2122 Σικελικῶν,
653 2034 701 2106 ὧν
728 2041 765 2105 τὸ
794 2036 855 2124 μὲν
880 2040 983 2124 ἥμισυ
1011 2036 1110 2124 μέρος

89 2145 223 2228 ὠνητὸν
235 2139 280 2227 ἦν
293 2148 448 2230 βραχείας
460 2146 550 2211 πάνυ
564 2154 670 2230 τιμῆς,
684 2148 721 2212 τὸ
737 2142 774 2211 δὲ
788 2145 933 2212 λοιπὸνὸ
945 2145 1109 2231 τύραννος

90 2250 287 2317 ἀπεστάλκει
301 2262 435 2336 Ιπροίκα
462 2253 543 2329 δοὺς
568 2248 624 2317 καὶ
650 2250 757 2317 τέλεσι
784 2253 1012 2336 παρακομίσας
1029 2261 1110 2336 ,τοῖς

92 2358 201 2434 ίδίοις.
233 2354 328 2434 ῶςδ
350 2354 544 2441 ἀπηγγέλθη
562 2368 631 2434 τοῖς
650 2357 687 2423 έν
705 2365 744 2443 τῇ
763 2360 858 2423 πόλει
881 2358 899 2424 δ
922 2341 1145 2435 κατάπλους4

89 2473 323 2548 τῶνσιτηγῶν
342 2463 495 2537 ὁλκάδων
513 2473 582 2528 τῶν
594 2463 659 2530 ἀπὸ
673 2466 840 2547 Σικελίας,
858 2465 963 2547 πολλὴ
980 2467 1109 2549 ζήτησις
1122 2414 1150 2455 2⁰

90 2567 244 2636 ἐνέπιπτε
275 2579 345 2647 τοῖς
373 2572 559 2655 πατρικίοις
584 2566 668 2655 ὑπὲρ
695 2579 754 2655 τῆς
782 2568 964 2647 διαθέσεως
995 2571 1109 2636 αὐτοῦ.

90 2677 127 2743 οί
139 2672 201 2761 μὲν
218 2677 283 2761 γάρ
302 2674 536 2742 ἐπιεικέστατοι
555 2658 666 2760 αὐτῶν
678 2675 734 2742 καὶ
753 2677 1013 2762 φιλοδημότατοι
1027 2678 1109 2757 πρὸς

88 2784 149 2859 τὰς
174 2784 376 2868 κατεχούσας
402 2785 440 2849 τὸ
467 2785 584 2849 κοινὸν
611 2782 756 2867 ἀνάγκας
783 2779 1025 2867 ἀποβλέποντες
1047 2782 1109 2864 την

89 2911 127 2954 τε
148 2890 240 2976 παρά
261 2898 323 2955 τοῦ
345 2888 514 2983 τυράννου
538 2889 667 2974 δωρεάν
689 2886 863 2976 παρῄνουν
881 2889 1013 2952 άπασαν
1037 2887 1107 2951 δια-
1121 2903 1150 2947 ω

89 3005 203 3080 νεῖμαι
220 3004 300 3070 τοῖς
310 2994 509 3078 δημοτικοῖς,
526 2992 582 3060 καὶ
600 2998 660 3061 τὸν
679 2992 852 3080 ὠνηθέντα
871 2992 906 3059 έκ
923 3003 992 3058 τῶν
1007 2994 1108 3077 δημο-

162 3230 180 3305 β
199 3209 380 3302 χρησαμένων
400 3222 422 3277 Ο
441 3220 624 3293 χρησαμένων
643 3237 666 3277 υ.
684 3219 829 3289 Kiessling
921 3226 937 3275 8
957 3219 1015 3292 ὅτε]
1035 3219 1107 3302 όθεν

91 3292 281 3362 c.K10sshng
340 3300 356 3348 9
375 3292 465 3348 πολῶν
484 3294 549 3350 add.
567 3294 591 3346 B
651 3299 683 3347 11
705 3288 764 3345 ίδία
783 3293 953 3365 ἀμείβεσθαι
971 3308 994 3347 ο.
1013 3291 1107 3345 Klean-

89 3365 154 3434 ling
233 3368 267 3418 15
286 3357 317 3418 έν
336 3361 452 3420 Σικελία
471 3365 494 3419 Ο
512 3367 626 3435 praeter
643 3362 667 3416 Β
746 3347 780 3417 ἀῶ
799 3361 888 3418 ἅπασι
908 3363 930 3418 Ο
950 3361 1065 3417 ἀπαοαν
1083 3377 1108 3416 c.

91 3435 219 3492 Sintenis
236 3435 299 3491 Em.
318 3434 400 3492 Dion.
415 3417 454 3490 ll‘I
468 3441 500 3489 11

144 3536 246 3578 Dmm.
262 3534 327 3577 En.
336 3535 383 3577 m.
409 3545 449 3576 ιω.
462 3536 564 3577 διυοεα.
931 3527 947 3575 3
