2424 3848
523 201 690 251 -H-

100 365 281 445 παθόντες,
308 364 367 428 τὸν
390 362 518 447 ἀπορον
543 358 598 426 καὶ
626 358 779 427 ἀνέστιον
801 357 857 426 καὶ
879 361 1039 426 ταπεινὸν
1061 357 1116 426 καὶ

65 470 221 534 4άπολιν
247 467 447 548 ὑπεδέξαντό
475 491 515 553 με
541 479 614 544 ταῖς
642 464 770 533 ἑαυτῶν
795 471 920 534 πόλεσι.
969 463 1027 532 καὶ
1055 467 1118 533 οὐκ
1150 491 1162 526 :

101 574 226 661 ἀπίχρη
253 576 366 652 αὐτοῖς
393 583 491 640 τοῦτο
520 577 677 658 ποιήσασι
708 577 814 658 μόνον
846 573 933 640 οὕτω
962 576 1118 661 λαμπρὸν

99 679 156 747 καὶ
182 682 415 766 μεγαλόψυχον
447 683 563 767 ἔργον,
593 679 676 746 ἀλλὰ
707 677 764 746 καὶ
794 682 964 747 πολιτείαν
993 680 1118 746 ἔδοσάν
1148 706 1162 717 ·

74 806 87 847 ι
102 811 159 872 μοι
177 785 215 851 ἐν
233 785 373 864 άπάσαις
390 798 461 864 ταῖς
479 784 606 853 ἑαυτῶν
620 790 736 852 πόλεσι
753 784 809 852 καὶ
822 786 925 872 ἀρχάς
937 783 995 852 καὶ
1010 787 1128 872 τιμάς,

101 897 138 958 αδ
158 891 308 977 με’γισται
334 888 411 979 παρ’
439 893 552 970 αὐτοῖς
578 896 674 959 είσιν.
719 892 762 958 ἐῶ
784 887 901 959 τᾶλλα·
928 892 1015 958 ἀλλὰ
1038 891 1136 960 νυνὶ

101 1000 286 1085 στρατηγὸν
306 997 541 1084 ἀποδεδείχασί
556 1022 596 1083 με
615 999 842 1085 αὐτοκράτορα
859 1008 917 1084 της
934 998 1129 1087 ὑπερορῶν

100 1115 256 1192 στρατιᾶς
272 1103 327 1171 καὶ
345 1106 453 1171 πάντα
471 1107 511 1170 τὰ
528 1107 625 1171 κοινὰ
644 1103 694 1170 ἐπ’
712 1104 785 1190 ἐμοὶ
802 1108 1001 1191 πεποιήκασι
1015 1109 1120 1197 μόνςο.

65 1211 180 1298 ὅφίρε
208 1213 264 1295 δη,
292 1215 369 1277 τίνα
396 1213 509 1295 λαβὼν
535 1213 677 1298 καρδίαν
703 1214 866 1299 προδοίην
892 1211 936 1277 δν
963 1215 1013 1277 ἔτι
1041 1214 1162 1280 vob-15¹

61 1337 86 1378 ιο
100 1344 193 1404 τους,
224 1317 282 1404 ὑφ’
314 1313 362 1384 ὧν
389 1320 598 1401 τηλικαύταις
624 1322 826 1404 κεκόσμημαι
853 1330 978 1403 τιμαῖς,
1011 1316 1117 1386 οὐδὲν

100 1427 177 1491 οὔτε
209 1429 321 1510 μεῖζον
352 1423 423 1491 οὔτ’
459 1428 595 1491 ἔλαττον
626 1424 812 1511 ἀδικηθείς;
846 1427 877 1491 εί
906 1425 951 1510 μη
983 1426 1053 1512 άρα
1084 1427 1117 1492 αί

99 1532 230 1617 χάριτες
256 1532 366 1603 αὐτῶν
394 1529 550 1597 ἀδικοῦσί
569 1555 621 1616 με,
649 1532 759 1617 ὥσπερ
781 1531 868 1615 ὑμᾶς
890 1532 928 1596 αί
948 1530 1038 1616 ἐμαί·
1061 1557 1116 1598 κα-

100 1641 164 1721 λήν
190 1660 227 1719 γε
255 1636 357 1714 δόξαν
385 1642 469 1702 οίσει
498 1661 555 1722 μοι
577 1639 666 1724 παρὰ
689 1646 792 1704 πᾶσιν
813 1637 1009 1723 ἀνθρώποις
1031 1663 1115 1723 γνω·

101 1749 221 1808 σδεῖσα
242 1742 262 1826 ἡ
285 1745 561 1827 παλιμπροδοσία.
606 1747 658 1821 τίς
684 1740 714 1809 δ’
744 1743 833 1826 [οὐκ]
861 1743 904 1810 ἂν
932 1743 1118 1810 ἐπαινέσειέ

61 1867 86 1908 15
101 1872 141 1934 με
165 1848 319 1932 ἀκούσας,
343 1849 393 1915 ότι
414 1853 493 1927 τοὺς
515 1846 576 1934 μὲν
599 1854 728 1936 φίλους,
755 1847 816 1935 ὑφ’
843 1845 890 1916 ὧν
913 1846 952 1916 εὖ
975 1851 1117 1937 πάσχειν

101 1979 157 2040 μοι
179 1965 336 2040 προσῆκε,
363 1959 542 2040 πολεμίους
563 1957 684 2042 εὑρών,
710 1960 790 2034 τοὺς
812 1955 843 2022 δ’
870 1957 1025 2044 ἐχθρούς,
1052 1956 1111 2044 ὑφ’

100 2056 148 2127 ὧν
171 2061 272 2148 ἐχρῆν
294 2086 334 2147 με
357 2061 575 2148 ἀπολωλέναι,
599 2066 731 2148 φίλους,
754 2062 828 2129 ἀντὶ
846 2073 907 2130 τοῦ
924 2076 1036 2149 μισεῖν
1055 2061 1118 2150 μὲν

99 2169 140 2233 τά
172 2178 349 2253 μισοῦντα,
381 2175 493 2254 φιλεῖν
525 2167 563 2236 δὲ
592 2171 632 2235 τά
659 2175 838 2255 φιλοῦντα,
870 2172 932 2255 την
958 2169 1117 2237 ἐναντίαν

102 2275 239 2358 γνώμην
261 2277 374 2360 ἔσχον;

60 2397 86 2438 ιο
166 2378 320 2444 XXXIII.
348 2379 418 2445 Ἴθι
440 2382 482 2465 δη
506 2384 620 2447 σκόπει
642 2378 698 2446 καὶ
724 2382 764 2446 τά
791 2383 1010 2468 παράθεσιν,
1039 2388 1117 2469 Μη-

99 2478 293 2569 νόκιε,,οἷά
321 2510 378 2570 μοι
407 2495 472 2552 νῦν
501 2485 529 2552 τ’
557 2487 738 2572 ἀπήντηται
766 2492 837 2572 καί,
867 2488 926 2554 ίδιν
956 2491 1023 2575 άρα
1045 2511 1117 2556 πει-

99 2590 194 2670 σθεὶς
215 2592 296 2676 ὑμῖν
318 2595 432 2679 προδῶ
456 2594 517 2676 τὴν
539 2594 668 2660 τούτων
690 2597 813 2679 πίστιν,
836 2587 890 2661 οἷα
912 2598 971 2663 τὸν
993 2599 1117 2664 λοιπὸν

98 2698 237 2785 ὑπάρξει
259 2722 316 2783 μοι
338 2701 424 2783 βίον.
469 2709 534 2765 νῦν
556 2698 618 2784 μίν
641 2723 678 2783 γε
701 2700 807 2785 πάσης
829 2699 986 2787 πράξεως,
1010 2698 1051 2787 ἧς
1072 2704 1117 2770 ἀν

99 2808 233 2890 ἅψωμαι
255 2802 332 2870 καθ’
360 2804 465 2891 ὑμῶν,
490 2807 764 2891 συλλαμβάνουσί
783 2830 851 2892 μοι,
878 2806 933 2873 καὶ
956 2808 1117 2895 οὐδεμιᾶς

59 2891 214 3006 ἐπείρας
240 2911 467 2997 ἀποτυγχάνω.
512 2909 568 2977 καὶ
594 2920 691 2978 τοῦτο
719 2915 860 2996 πηλίκον
890 2919 1003 2980 οἴεσθε
1028 2911 1162 2983 εἶναιισι

98 3021 275 3106 τεκμήριον
298 3018 468 3102 εὐσεβείας
489 3027 546 3102 τῆς
569 3018 662 3102 ίμῆς;
686 3021 718 3083 εί
734 3019 797 3105 γάρ
817 3020 858 3102 δὴ
877 3021 958 3085 κατὰ
976 3030 1035 3106 τῆς
1054 3045 1117 3090 πα-

171 3252 204 3301 12
241 3245 401 3317 άριιε.ςΒ
457 3251 491 3300 14
509 3245 595 3300 πάλιν
613 3247 752 3317 προδοσία
770 3245 793 3300 Ο
813 3263 882 3301 corr.
902 3247 1028 3320 Sylburg
1064 3253 1116 3308 οόκ

98 3317 153 3372 del.
173 3267 294 3387 Sleurg
310 3320 315 3388 Ι
331 3313 478 3388 ίμιιτόοειί
497 3336 546 3387 μοι
563 3334 587 3373 ο.
605 3315 709 3372 Reiske
728 3313 899 3388 ἐπιτιμήσειέ
913 3338 962 3388 μοι
980 3336 1004 3376 ο.
1026 3251 1118 3379 (Iobet

99 3387 278 3458 Obe.p.161
360 3393 393 3442 15
437 3389 512 3451 ίλους
530 3390 560 3443 ει
579 3395 612 3444 16
631 3387 752 3459 ἐχθροὺς
770 3389 824 3444 del.
844 3388 933 3444 Cobet
951 3390 1005 3446 1.1.
1081 3402 1114 3451 ιι

98 3457 234 3533 <νῦν>Β
299 3464 334 3513 26
353 3456 390 3513 αὖ
409 3409 434 3514 g
452 3459 488 3530 δὴ
507 3458 596 3515 Cobet
614 3458 679 3516 obs.
698 3478 726 3530 p.
742 3466 791 3514 161
812 3457 839 3515 εί
855 3459 909 3530 γάρ
928 3461 964 3531 δὴ
984 3459 1023 3518 ἀν
1041 3464 1117 3521 Pron
