<?xml version="1.0" encoding="UTF-8"?>
<!DOCTYPE html PUBLIC "-//W3C//DTD XHTML 1.0 Transitional//EN"
    "http://www.w3.org/TR/xhtml1/DTD/xhtml1-transitional.dtd">
<html xmlns="http://www.w3.org/1999/xhtml" xml:lang="en" lang="en">
 <head>
  <title>
</title>
<meta http-equiv="Content-Type" content="text/html;charset=utf-8" />
  <meta name='ocr-system' content='tesseract 3.04.00' />
  <meta name='ocr-capabilities' content='ocr_page ocr_carea ocr_par ocr_line ocrx_word'/>
</head>
<body>
  <div class='ocr_page' id='page_1' title='image "./dionysihalicarn04diongoog_0299.png"; bbox 0 0 2424 3848; ppageno 0'>
   <div class='ocr_carea' id='block_1_1' title="bbox 139 255 727 320">
    <p class='ocr_par' dir='ltr' id='par_1_1' title="bbox 139 255 727 320">
     <span class='ocr_line' id='line_1_1' title="bbox 139 255 727 320; baseline 0 -1"><span class='ocrx_word' id='word_1_1' title='bbox 139 255 205 320; x_wconf 80' lang='lat'><strong><em>284</em></strong></span> <span class='ocrx_word' id='word_1_2' title='bbox 561 259 727 309; x_wconf 76' lang='grc' dir='ltr'><strong><em>-Θ-</em></strong></span> 
     </span>
    </p>
   </div>
   <div class='ocr_carea' id='block_1_2' title="bbox 80 416 1208 3156">
    <p class='ocr_par' dir='ltr' id='par_1_2' title="bbox 80 416 1208 3156">
     <span class='ocr_line' id='line_1_2' title="bbox 137 416 1155 507; baseline 0.003 -25"><span class='ocrx_word' id='word_1_3' title='bbox 137 416 407 502; x_wconf 72' lang='grc' dir='ltr'><strong><em>παραλειφθέντα</em></strong></span> <span class='ocrx_word' id='word_1_4' title='bbox 435 417 630 501; x_wconf 83' lang='grc' dir='ltr'><strong><em>ἀναλαβεῖν,</em></strong></span> <span class='ocrx_word' id='word_1_5' title='bbox 656 417 711 483; x_wconf 82' lang='grc' dir='ltr'><strong><em>καὶ</em></strong></span> <span class='ocrx_word' id='word_1_6' title='bbox 739 421 844 503; x_wconf 83' lang='grc' dir='ltr'><strong><em>πολλῆ</em></strong></span> <span class='ocrx_word' id='word_1_7' title='bbox 873 420 966 507; x_wconf 89' lang='grc' dir='ltr'><strong><em>χάρις</em></strong></span> <span class='ocrx_word' id='word_1_8' title='bbox 991 420 1073 505; x_wconf 87' lang='grc' dir='ltr'><strong><em>ὑμῖν</em></strong></span> <span class='ocrx_word' id='word_1_9' title='bbox 1096 430 1155 505; x_wconf 89' lang='grc' dir='ltr'><strong><em>τῆς</em></strong></span> 
     </span>
     <span class='ocr_line' id='line_1_3' title="bbox 137 521 1154 611; baseline 0.004 -23"><span class='ocrx_word' id='word_1_10' title='bbox 137 523 191 588; x_wconf 80' lang='grc' dir='ltr'><strong><em>ἐπὶ</em></strong></span> <span class='ocrx_word' id='word_1_11' title='bbox 208 525 248 589; x_wconf 85' lang='grc' dir='ltr'><strong><em>τά</em></strong></span> <span class='ocrx_word' id='word_1_12' title='bbox 266 525 422 609; x_wconf 91' lang='grc' dir='ltr'><strong><em>κράτιστα</em></strong></span> <span class='ocrx_word' id='word_1_13' title='bbox 441 525 555 608; x_wconf 88' lang='grc' dir='ltr'><strong><em>ὁρμῆς,</em></strong></span> <span class='ocrx_word' id='word_1_14' title='bbox 578 530 612 589; x_wconf 89' lang='grc' dir='ltr'><strong><em>εί</em></strong></span> <span class='ocrx_word' id='word_1_15' title='bbox 626 521 656 607; x_wconf 89' lang='grc' dir='ltr'><strong><em>γ’</em></strong></span> <span class='ocrx_word' id='word_1_16' title='bbox 674 522 732 590; x_wconf 89' lang='grc' dir='ltr'><strong><em>ὑπ’</em></strong></span> <span class='ocrx_word' id='word_1_17' title='bbox 749 523 866 611; x_wconf 85' lang='grc' dir='ltr'><strong><em>ἀρετῆς</em></strong></span> <span class='ocrx_word' id='word_1_18' title='bbox 884 529 1023 608; x_wconf 90' lang='grc' dir='ltr'><strong><em>γίνεται·</em></strong></span> <span class='ocrx_word' id='word_1_19' title='bbox 1047 538 1154 611; x_wconf 83' lang='grc' dir='ltr'><strong><em>κρεῖτ-</em></strong></span> 
     </span>
     <span class='ocr_line' id='line_1_4' title="bbox 137 627 1153 717; baseline 0.003 -22"><span class='ocrx_word' id='word_1_20' title='bbox 137 654 195 695; x_wconf 89' lang='grc' dir='ltr'><strong><em>τον</em></strong></span> <span class='ocrx_word' id='word_1_21' title='bbox 229 631 292 715; x_wconf 88' lang='grc' dir='ltr'><strong><em>γάρ</em></strong></span> <span class='ocrx_word' id='word_1_22' title='bbox 328 629 418 695; x_wconf 88' lang='grc' dir='ltr'><strong><em>ἐστιν</em></strong></span> <span class='ocrx_word' id='word_1_23' title='bbox 452 627 513 708; x_wconf 80' lang='grc' dir='ltr'><strong><em>όψέ</em></strong></span> <span class='ocrx_word' id='word_1_24' title='bbox 542 629 706 717; x_wconf 86' lang='grc' dir='ltr'><strong><em>άρξασθαι</em></strong></span> <span class='ocrx_word' id='word_1_25' title='bbox 733 632 773 695; x_wconf 87' lang='grc' dir='ltr'><strong><em>τά</em></strong></span> <span class='ocrx_word' id='word_1_26' title='bbox 802 629 920 697; x_wconf 86' lang='grc' dir='ltr'><strong><em>δέοντα</em></strong></span> <span class='ocrx_word' id='word_1_27' title='bbox 947 633 1104 717; x_wconf 87' lang='grc' dir='ltr'><strong><em>πράττειν</em></strong></span> <span class='ocrx_word' id='word_1_28' title='bbox 1132 633 1153 716; x_wconf 78' lang='grc' dir='ltr'><em>ἢ</em></span> 
     </span>
     <span class='ocr_line' id='line_1_5' title="bbox 137 731 1154 823; baseline 0.003 -23"><span class='ocrx_word' id='word_1_29' title='bbox 137 735 311 821; x_wconf 87' lang='grc' dir='ltr'><strong><em>μηδέποτε·</em></strong></span> <span class='ocrx_word' id='word_1_30' title='bbox 345 735 401 801; x_wconf 88' lang='grc' dir='ltr'><strong><em>είτ’</em></strong></span> <span class='ocrx_word' id='word_1_31' title='bbox 433 731 495 801; x_wconf 87' lang='grc' dir='ltr'><strong><em>οὑν</em></strong></span> <span class='ocrx_word' id='word_1_32' title='bbox 525 738 674 813; x_wconf 64' lang='grc' dir='ltr'><strong><em>ὁίπαντες4</em></strong></span> <span class='ocrx_word' id='word_1_33' title='bbox 696 737 832 820; x_wconf 80' lang='grc' dir='ltr'><strong><em>ὁμοίους</em></strong></span> <span class='ocrx_word' id='word_1_34' title='bbox 861 740 947 823; x_wconf 80' lang='grc' dir='ltr'><strong><em>ἔχετε</em></strong></span> <span class='ocrx_word' id='word_1_35' title='bbox 978 736 1055 823; x_wconf 83' lang='grc' dir='ltr'><strong><em>περὶ</em></strong></span> <span class='ocrx_word' id='word_1_36' title='bbox 1085 750 1154 804; x_wconf 83' lang='grc' dir='ltr'><strong><em>τῶν</em></strong></span> 
     </span>
     <span class='ocr_line' id='line_1_6' title="bbox 111 840 1154 929; baseline 0 -20"><span class='ocrx_word' id='word_1_37' title='bbox 111 847 377 929; x_wconf 82' lang='grc' dir='ltr'><strong><em>εσυμφερόντων</em></strong></span> <span class='ocrx_word' id='word_1_38' title='bbox 401 845 597 927; x_wconf 91' lang='grc' dir='ltr'><strong><em>λογισμούς,</em></strong></span> <span class='ocrx_word' id='word_1_39' title='bbox 619 840 674 907; x_wconf 79' lang='grc' dir='ltr'><strong><em>καὶ</em></strong></span> <span class='ocrx_word' id='word_1_40' title='bbox 696 842 716 925; x_wconf 80' lang='grc' dir='ltr'><em>ἡ</em></span> <span class='ocrx_word' id='word_1_41' title='bbox 740 848 912 928; x_wconf 87' lang='grc' dir='ltr'><strong><em>προθυμία</em></strong></span> <span class='ocrx_word' id='word_1_42' title='bbox 935 854 993 929; x_wconf 91' lang='grc' dir='ltr'><strong><em>τῆς</em></strong></span> <span class='ocrx_word' id='word_1_43' title='bbox 1017 842 1070 909; x_wconf 78' lang='grc' dir='ltr'><strong><em>ἐπὶ</em></strong></span> <span class='ocrx_word' id='word_1_44' title='bbox 1093 846 1154 910; x_wconf 87' lang='grc' dir='ltr'><strong><em>τὸν</em></strong></span> 
     </span>
     <span class='ocr_line' id='line_1_7' title="bbox 101 947 1153 1035; baseline 0.003 -22"><span class='ocrx_word' id='word_1_45' title='bbox 101 949 250 1032; x_wconf 83' lang='grc' dir='ltr'><strong><em>3άγῶνα</em></strong></span> <span class='ocrx_word' id='word_1_46' title='bbox 273 951 376 1034; x_wconf 81' lang='grc' dir='ltr'><strong><em>ὁρμῆς</em></strong></span> <span class='ocrx_word' id='word_1_47' title='bbox 397 951 543 1026; x_wconf 88' lang='grc' dir='ltr'><strong><em>άπαντας</em></strong></span> <span class='ocrx_word' id='word_1_48' title='bbox 565 949 585 1032; x_wconf 79' lang='grc' dir='ltr'>ἡ</span> <span class='ocrx_word' id='word_1_49' title='bbox 610 947 692 1031; x_wconf 83' lang='grc' dir='ltr'><strong><em>αὐτῆ</em></strong></span> <span class='ocrx_word' id='word_1_50' title='bbox 715 954 900 1034; x_wconf 87' lang='grc' dir='ltr'><strong><em>κατείληφε.</em></strong></span> <span class='ocrx_word' id='word_1_51' title='bbox 942 959 1007 1014; x_wconf 85' lang='grc' dir='ltr'><strong><em>νῦν</em></strong></span> <span class='ocrx_word' id='word_1_52' title='bbox 1030 947 1069 1015; x_wconf 71' lang='grc' dir='ltr'><strong><em>δὲ</em></strong></span> <span class='ocrx_word' id='word_1_53' title='bbox 1092 974 1153 1035; x_wconf 76' lang='grc' dir='ltr'><strong><em>φο</em></strong></span> 
     </span>
     <span class='ocr_line' id='line_1_8' title="bbox 136 1053 1154 1141; baseline 0.001 -21"><span class='ocrx_word' id='word_1_54' title='bbox 136 1057 304 1139; x_wconf 89' lang='grc' dir='ltr'><strong><em>βούμεθα,</em></strong></span> <span class='ocrx_word' id='word_1_55' title='bbox 335 1056 379 1140; x_wconf 82' lang='grc' dir='ltr'><strong><em>μὴ</em></strong></span> <span class='ocrx_word' id='word_1_56' title='bbox 407 1057 446 1119; x_wconf 91' lang='grc' dir='ltr'><strong><em>τά</em></strong></span> <span class='ocrx_word' id='word_1_57' title='bbox 474 1053 549 1140; x_wconf 81' lang='grc' dir='ltr'><strong><em>περὶ</em></strong></span> <span class='ocrx_word' id='word_1_58' title='bbox 575 1064 632 1138; x_wconf 91' lang='grc' dir='ltr'><strong><em>τῆς</em></strong></span> <span class='ocrx_word' id='word_1_59' title='bbox 654 1058 852 1140; x_wconf 81' lang='grc' dir='ltr'><strong><em>κληρουχίας</em></strong></span> <span class='ocrx_word' id='word_1_60' title='bbox 874 1057 1154 1141; x_wconf 85' lang='grc' dir='ltr'><strong><em>προσκρούσματα</em></strong></span> 
     </span>
     <span class='ocr_line' id='line_1_9' title="bbox 136 1159 1153 1250; baseline 0.001 -25"><span class='ocrx_word' id='word_1_61' title='bbox 136 1171 203 1225; x_wconf 80' lang='grc' dir='ltr'><strong><em>τῶν</em></strong></span> <span class='ocrx_word' id='word_1_62' title='bbox 232 1162 418 1245; x_wconf 77' lang='grc' dir='ltr'><strong><em>δημοτικῶν</em></strong></span> <span class='ocrx_word' id='word_1_63' title='bbox 446 1164 529 1246; x_wconf 91' lang='grc' dir='ltr'><strong><em>πρὸς</em></strong></span> <span class='ocrx_word' id='word_1_64' title='bbox 559 1164 638 1237; x_wconf 91' lang='grc' dir='ltr'><strong><em>τοὺς</em></strong></span> <span class='ocrx_word' id='word_1_65' title='bbox 661 1160 698 1227; x_wconf 84' lang='grc' dir='ltr'><strong><em>ἐν</em></strong></span> <span class='ocrx_word' id='word_1_66' title='bbox 720 1159 806 1226; x_wconf 84' lang='grc' dir='ltr'><strong><em>τέλει</em></strong></span> <span class='ocrx_word' id='word_1_67' title='bbox 830 1162 972 1246; x_wconf 76' lang='grc' dir='ltr'><strong><em>μεγάλης</em></strong></span> <span class='ocrx_word' id='word_1_68' title='bbox 995 1169 1084 1227; x_wconf 88' lang='grc' dir='ltr'><strong><em>αῖτια</em></strong></span> <span class='ocrx_word' id='word_1_69' title='bbox 1108 1171 1153 1250; x_wconf 75' lang='grc' dir='ltr'><strong><em>τῷ</em></strong></span> 
     </span>
     <span class='ocr_line' id='line_1_10' title="bbox 137 1265 1155 1355; baseline 0.001 -22"><span class='ocrx_word' id='word_1_70' title='bbox 137 1276 238 1355; x_wconf 77' lang='grc' dir='ltr'><strong><em>κοινῷ</em></strong></span> <span class='ocrx_word' id='word_1_71' title='bbox 263 1265 396 1351; x_wconf 90' lang='grc' dir='ltr'><strong><em>γένηται</em></strong></span> <span class='ocrx_word' id='word_1_72' title='bbox 415 1267 552 1351; x_wconf 81' lang='grc' dir='ltr'><strong><em>βλάβης·</em></strong></span> <span class='ocrx_word' id='word_1_73' title='bbox 576 1268 703 1345; x_wconf 82' lang='grc' dir='ltr'><strong><em>ὑποψία</em></strong></span> <span class='ocrx_word' id='word_1_74' title='bbox 721 1291 756 1331; x_wconf 89' lang='grc' dir='ltr'><strong><em>τε</em></strong></span> <span class='ocrx_word' id='word_1_75' title='bbox 775 1267 859 1351; x_wconf 78' lang='grc' dir='ltr'><strong><em>ὑμᾶς</em></strong></span> <span class='ocrx_word' id='word_1_76' title='bbox 876 1272 1085 1353; x_wconf 82' lang='grc' dir='ltr'><strong><em>κατείληφεν,</em></strong></span> <span class='ocrx_word' id='word_1_77' title='bbox 1110 1269 1155 1347; x_wconf 80' lang='grc' dir='ltr'><strong><em>ὡς</em></strong></span> 
     </span>
     <span class='ocr_line' id='line_1_11' title="bbox 80 1370 1153 1458; baseline 0 -17"><span class='ocrx_word' id='word_1_78' title='bbox 80 1370 157 1456; x_wconf 68' lang='grc' dir='ltr'><strong><em>ἰοῆ</em></strong></span> <span class='ocrx_word' id='word_1_79' title='bbox 185 1372 261 1458; x_wconf 80' lang='grc' dir='ltr'><strong><em>περὶ</em></strong></span> <span class='ocrx_word' id='word_1_80' title='bbox 289 1382 345 1456; x_wconf 92' lang='grc' dir='ltr'><strong><em>τῆς</em></strong></span> <span class='ocrx_word' id='word_1_81' title='bbox 372 1371 489 1450; x_wconf 95' lang='grc' dir='ltr'><strong><em>ἐξόδου</em></strong></span> <span class='ocrx_word' id='word_1_82' title='bbox 514 1373 658 1456; x_wconf 82' lang='grc' dir='ltr'><strong><em>καταβοὴ</em></strong></span> <span class='ocrx_word' id='word_1_83' title='bbox 682 1372 737 1437; x_wconf 81' lang='grc' dir='ltr'><strong><em>καὶ</em></strong></span> <span class='ocrx_word' id='word_1_84' title='bbox 760 1373 980 1456; x_wconf 78' lang='grc' dir='ltr'><strong><em>ἀγανάκτησις</em></strong></span> <span class='ocrx_word' id='word_1_85' title='bbox 1003 1375 1065 1439; x_wconf 89' lang='grc' dir='ltr'><strong><em>οὐκ</em></strong></span> <span class='ocrx_word' id='word_1_86' title='bbox 1089 1375 1153 1442; x_wconf 87' lang='grc' dir='ltr'><strong><em>ἀπὸ</em></strong></span> 
     </span>
     <span class='ocr_line' id='line_1_12' title="bbox 137 1478 1157 1564; baseline 0.002 -21"><span class='ocrx_word' id='word_1_87' title='bbox 137 1488 193 1562; x_wconf 90' lang='grc' dir='ltr'><strong><em>τῆς</em></strong></span> <span class='ocrx_word' id='word_1_88' title='bbox 217 1480 318 1563; x_wconf 90' lang='grc' dir='ltr'><strong><em>αὑτῆς</em></strong></span> <span class='ocrx_word' id='word_1_89' title='bbox 339 1478 561 1563; x_wconf 87' lang='grc' dir='ltr'><strong><em>προαιρέσεως</em></strong></span> <span class='ocrx_word' id='word_1_90' title='bbox 583 1481 672 1564; x_wconf 86' lang='grc' dir='ltr'><strong><em>παρά</em></strong></span> <span class='ocrx_word' id='word_1_91' title='bbox 694 1479 828 1545; x_wconf 84' lang='grc' dir='ltr'><strong><em>πάντων</em></strong></span> <span class='ocrx_word' id='word_1_92' title='bbox 850 1484 992 1563; x_wconf 89' lang='grc' dir='ltr'><strong><em>γίνεται,</em></strong></span> <span class='ocrx_word' id='word_1_93' title='bbox 1020 1478 1092 1545; x_wconf 84' lang='grc' dir='ltr'><strong><em>ἀλλ’</em></strong></span> <span class='ocrx_word' id='word_1_94' title='bbox 1121 1482 1157 1547; x_wconf 90' lang='grc' dir='ltr'><strong><em>οί</em></strong></span> 
     </span>
     <span class='ocr_line' id='line_1_13' title="bbox 137 1581 1208 1671; baseline 0.001 -22"><span class='ocrx_word' id='word_1_95' title='bbox 137 1581 197 1669; x_wconf 72' lang='grc' dir='ltr'><strong><em>μέν</em></strong></span> <span class='ocrx_word' id='word_1_96' title='bbox 231 1587 275 1661; x_wconf 83' lang='grc' dir='ltr'><strong><em>ὡς</em></strong></span> <span class='ocrx_word' id='word_1_97' title='bbox 307 1589 569 1670; x_wconf 85' lang='grc' dir='ltr'><strong><em>τιμωρησόμενοι</em></strong></span> <span class='ocrx_word' id='word_1_98' title='bbox 601 1588 679 1663; x_wconf 86' lang='grc' dir='ltr'><strong><em>τοὺς</em></strong></span> <span class='ocrx_word' id='word_1_99' title='bbox 710 1590 888 1670; x_wconf 87' lang='grc' dir='ltr'><strong><em>πολεμίους</em></strong></span> <span class='ocrx_word' id='word_1_100' title='bbox 919 1592 1208 1671; x_wconf 72' lang='grc' dir='ltr'><strong><em>προθυμεῖσθε1ῖσε</em></strong></span> 
     </span>
     <span class='ocr_line' id='line_1_14' title="bbox 103 1689 1153 1776; baseline 0.001 -17"><span class='ocrx_word' id='word_1_101' title='bbox 103 1697 199 1759; x_wconf 82' lang='grc' dir='ltr'><strong><em>4τοῦ</em></strong></span> <span class='ocrx_word' id='word_1_102' title='bbox 223 1692 364 1776; x_wconf 86' lang='grc' dir='ltr'><strong><em>χάρακος</em></strong></span> <span class='ocrx_word' id='word_1_103' title='bbox 388 1690 547 1775; x_wconf 78' lang='grc' dir='ltr'><strong><em>ἐξελθεῖν,</em></strong></span> <span class='ocrx_word' id='word_1_104' title='bbox 571 1693 606 1757; x_wconf 89' lang='grc' dir='ltr'><strong><em>οί</em></strong></span> <span class='ocrx_word' id='word_1_105' title='bbox 623 1690 653 1756; x_wconf 91' lang='grc' dir='ltr'><strong><em>δ’</em></strong></span> <span class='ocrx_word' id='word_1_106' title='bbox 675 1693 720 1769; x_wconf 85' lang='grc' dir='ltr'><strong><em>ὡς</em></strong></span> <span class='ocrx_word' id='word_1_107' title='bbox 739 1693 1013 1776; x_wconf 82' lang='grc' dir='ltr'><strong><em>ἀποδρασόμενοι.</em></strong></span> <span class='ocrx_word' id='word_1_108' title='bbox 1052 1692 1084 1770; x_wconf 86' lang='grc' dir='ltr'><strong><em>ἐξ</em></strong></span> <span class='ocrx_word' id='word_1_109' title='bbox 1106 1689 1153 1760; x_wconf 80' lang='grc' dir='ltr'><strong><em>ὧν</em></strong></span> 
     </span>
     <span class='ocr_line' id='line_1_15' title="bbox 137 1787 1157 1882; baseline 0.004 -21"><span class='ocrx_word' id='word_1_110' title='bbox 137 1793 174 1861; x_wconf 79' lang='grc' dir='ltr'><strong><em>δέ</em></strong></span> <span class='ocrx_word' id='word_1_111' title='bbox 206 1796 408 1882; x_wconf 81' lang='grc' dir='ltr'><strong><em>παρέστηκεν</em></strong></span> <span class='ocrx_word' id='word_1_112' title='bbox 440 1798 520 1882; x_wconf 77' lang='grc' dir='ltr'><strong><em>ὑμῖν</em></strong></span> <span class='ocrx_word' id='word_1_113' title='bbox 553 1796 651 1864; x_wconf 84' lang='grc' dir='ltr'><strong><em>ταῦθ’</em></strong></span> <span class='ocrx_word' id='word_1_114' title='bbox 680 1799 895 1881; x_wconf 89' lang='grc' dir='ltr'><strong><em>ὑποπτεύειν,</em></strong></span> <span class='ocrx_word' id='word_1_115' title='bbox 933 1798 973 1863; x_wconf 88' lang='grc' dir='ltr'><strong><em>ού</em></strong></span> <span class='ocrx_word' id='word_1_116' title='bbox 1002 1787 1157 1882; x_wconf 87' lang='grc' dir='ltr'><strong><em>μαντεῖαί</em></strong></span> 
     </span>
     <span class='ocr_line' id='line_1_16' title="bbox 97 1900 1154 1990; baseline 0 -18"><span class='ocrx_word' id='word_1_117' title='bbox 97 1932 122 1972; x_wconf 85' lang='lat'><strong><em>15</em></strong></span> <span class='ocrx_word' id='word_1_118' title='bbox 137 1905 223 1967; x_wconf 81' lang='grc' dir='ltr'><strong><em>εἰσιν</em></strong></span> <span class='ocrx_word' id='word_1_119' title='bbox 262 1900 341 1969; x_wconf 73' lang='grc' dir='ltr'><strong><em>οὐδὲ</em></strong></span> <span class='ocrx_word' id='word_1_120' title='bbox 374 1908 568 1990; x_wconf 82' lang='grc' dir='ltr'><strong><em>στοχασμοί,</em></strong></span> <span class='ocrx_word' id='word_1_121' title='bbox 605 1901 676 1969; x_wconf 88' lang='grc' dir='ltr'><strong><em>ἀλλ’</em></strong></span> <span class='ocrx_word' id='word_1_122' title='bbox 711 1907 790 1988; x_wconf 83' lang='grc' dir='ltr'><strong><em>ἔργα</em></strong></span> <span class='ocrx_word' id='word_1_123' title='bbox 823 1903 951 1988; x_wconf 79' lang='grc' dir='ltr'><strong><em>ἐμφανῆ</em></strong></span> <span class='ocrx_word' id='word_1_124' title='bbox 984 1903 1039 1969; x_wconf 83' lang='grc' dir='ltr'><strong><em>καί</em></strong></span> <span class='ocrx_word' id='word_1_125' title='bbox 1072 1903 1154 1971; x_wconf 83' lang='grc' dir='ltr'><strong><em>ούδέ</em></strong></span> 
     </span>
     <span class='ocr_line' id='line_1_17' title="bbox 136 2009 1154 2099; baseline 0.003 -25"><span class='ocrx_word' id='word_1_126' title='bbox 136 2020 238 2076; x_wconf 87' lang='grc' dir='ltr'><strong><em>ταῦτα</em></strong></span> <span class='ocrx_word' id='word_1_127' title='bbox 269 2012 410 2094; x_wconf 91' lang='grc' dir='ltr'><strong><em>παλαιά,</em></strong></span> <span class='ocrx_word' id='word_1_128' title='bbox 442 2009 513 2076; x_wconf 90' lang='grc' dir='ltr'><strong><em>ἀλλ’</em></strong></span> <span class='ocrx_word' id='word_1_129' title='bbox 545 2010 582 2075; x_wconf 89' lang='grc' dir='ltr'><strong><em>ἐν</em></strong></span> <span class='ocrx_word' id='word_1_130' title='bbox 613 2020 657 2098; x_wconf 77' lang='grc' dir='ltr'><strong><em>τῷ</em></strong></span> <span class='ocrx_word' id='word_1_131' title='bbox 690 2013 892 2095; x_wconf 74' lang='grc' dir='ltr'><strong><em>παρελθόντι</em></strong></span> <span class='ocrx_word' id='word_1_132' title='bbox 924 2010 1065 2099; x_wconf 76' lang='grc' dir='ltr'><strong><em>ἐνιαυτῷ</em></strong></span> <span class='ocrx_word' id='word_1_133' title='bbox 1101 2037 1154 2096; x_wconf 89' lang='grc' dir='ltr'><strong><em>γε-</em></strong></span> 
     </span>
     <span class='ocr_line' id='line_1_18' title="bbox 136 2114 1153 2200; baseline 0.003 -19"><span class='ocrx_word' id='word_1_134' title='bbox 136 2119 276 2200; x_wconf 93' lang='grc' dir='ltr'><strong><em>νόμενα,</em></strong></span> <span class='ocrx_word' id='word_1_135' title='bbox 304 2117 347 2193; x_wconf 85' lang='grc' dir='ltr'><strong><em>ὡς</em></strong></span> <span class='ocrx_word' id='word_1_136' title='bbox 375 2117 516 2192; x_wconf 88' lang='grc' dir='ltr'><strong><em>άπαντες</em></strong></span> <span class='ocrx_word' id='word_1_137' title='bbox 545 2122 628 2198; x_wconf 87' lang='grc' dir='ltr'><strong><em>ίστε,</em></strong></span> <span class='ocrx_word' id='word_1_138' title='bbox 655 2114 702 2181; x_wconf 86' lang='grc' dir='ltr'><strong><em>ὅτ’</em></strong></span> <span class='ocrx_word' id='word_1_139' title='bbox 726 2114 779 2181; x_wconf 83' lang='grc' dir='ltr'><strong><em>ἐπὶ</em></strong></span> <span class='ocrx_word' id='word_1_140' title='bbox 807 2118 884 2192; x_wconf 86' lang='grc' dir='ltr'><strong><em>τοὺς</em></strong></span> <span class='ocrx_word' id='word_1_141' title='bbox 907 2116 1029 2193; x_wconf 85' lang='grc' dir='ltr'><strong><em>αύτούς</em></strong></span> <span class='ocrx_word' id='word_1_142' title='bbox 1055 2123 1153 2184; x_wconf 89' lang='grc' dir='ltr'><strong><em>πολε-</em></strong></span> 
     </span>
     <span class='ocr_line' id='line_1_19' title="bbox 137 2219 1154 2308; baseline 0.005 -23"><span class='ocrx_word' id='word_1_143' title='bbox 137 2227 232 2306; x_wconf 91' lang='grc' dir='ltr'><strong><em>μίους</em></strong></span> <span class='ocrx_word' id='word_1_144' title='bbox 251 2224 390 2297; x_wconf 87' lang='grc' dir='ltr'><strong><em>τούτους</em></strong></span> <span class='ocrx_word' id='word_1_145' title='bbox 407 2225 531 2304; x_wconf 90' lang='grc' dir='ltr'><strong><em>πολλῆς</em></strong></span> <span class='ocrx_word' id='word_1_146' title='bbox 549 2219 604 2285; x_wconf 83' lang='grc' dir='ltr'><strong><em>καί</em></strong></span> <span class='ocrx_word' id='word_1_147' title='bbox 623 2221 752 2304; x_wconf 91' lang='grc' dir='ltr'><strong><em>ἀγαθῆς</em></strong></span> <span class='ocrx_word' id='word_1_148' title='bbox 770 2220 970 2306; x_wconf 83' lang='grc' dir='ltr'><strong><em>ἐξελθούσης</em></strong></span> <span class='ocrx_word' id='word_1_149' title='bbox 987 2234 1154 2308; x_wconf 83' lang='grc' dir='ltr'><strong><em>στρατιάς,</em></strong></span> 
     </span>
     <span class='ocr_line' id='line_1_20' title="bbox 131 2309 1155 2413; baseline 0.002 -21"><span class='ocrx_word' id='word_1_150' title='bbox 131 2309 191 2393; x_wconf 68' lang='grc' dir='ltr'><strong><em>’καὶ</em></strong></span> <span class='ocrx_word' id='word_1_151' title='bbox 223 2338 281 2413; x_wconf 89' lang='grc' dir='ltr'><strong><em>τῆς</em></strong></span> <span class='ocrx_word' id='word_1_152' title='bbox 312 2330 442 2413; x_wconf 84' lang='grc' dir='ltr'><strong><em>πρώτης</em></strong></span> <span class='ocrx_word' id='word_1_153' title='bbox 474 2328 577 2413; x_wconf 88' lang='grc' dir='ltr'><strong><em>μάχης</em></strong></span> <span class='ocrx_word' id='word_1_154' title='bbox 608 2329 645 2392; x_wconf 90' lang='grc' dir='ltr'><strong><em>τὸ</em></strong></span> <span class='ocrx_word' id='word_1_155' title='bbox 675 2328 850 2412; x_wconf 91' lang='grc' dir='ltr'><strong><em>κράτιστον</em></strong></span> <span class='ocrx_word' id='word_1_156' title='bbox 877 2328 957 2412; x_wconf 77' lang='grc' dir='ltr'><strong><em>ὑμῖν</em></strong></span> <span class='ocrx_word' id='word_1_157' title='bbox 985 2330 1155 2413; x_wconf 89' lang='grc' dir='ltr'><strong><em>λαβούσης</em></strong></span> 
     </span>
     <span class='ocr_line' id='line_1_21' title="bbox 98 2431 1154 2518; baseline -0.001 -16"><span class='ocrx_word' id='word_1_158' title='bbox 98 2463 124 2502; x_wconf 77' lang='grc' dir='ltr'><strong><em>το</em></strong></span> <span class='ocrx_word' id='word_1_159' title='bbox 137 2433 244 2518; x_wconf 88' lang='grc' dir='ltr'><strong><em>τέλος,</em></strong></span> <span class='ocrx_word' id='word_1_160' title='bbox 273 2431 479 2517; x_wconf 84' lang='grc' dir='ltr'><strong><em>δυνηθέντος</em></strong></span> <span class='ocrx_word' id='word_1_161' title='bbox 506 2432 548 2497; x_wconf 82' lang='grc' dir='ltr'><strong><em>δν</em></strong></span> <span class='ocrx_word' id='word_1_162' title='bbox 575 2441 635 2497; x_wconf 87' lang='grc' dir='ltr'><strong><em>τοῦ</em></strong></span> <span class='ocrx_word' id='word_1_163' title='bbox 662 2431 728 2498; x_wconf 90' lang='grc' dir='ltr'><strong><em>τότ’</em></strong></span> <span class='ocrx_word' id='word_1_164' title='bbox 752 2435 892 2517; x_wconf 86' lang='grc' dir='ltr'><strong><em>ἀγοντος</em></strong></span> <span class='ocrx_word' id='word_1_165' title='bbox 914 2434 999 2517; x_wconf 80' lang='grc' dir='ltr'><strong><em>ὑμᾶς</em></strong></span> <span class='ocrx_word' id='word_1_166' title='bbox 1023 2434 1154 2501; x_wconf 85' lang='grc' dir='ltr'><strong><em>ὑπάτου</em></strong></span> 
     </span>
     <span class='ocr_line' id='line_1_22' title="bbox 138 2535 1154 2625; baseline 0.003 -22"><span class='ocrx_word' id='word_1_167' title='bbox 138 2543 328 2622; x_wconf 88' lang='grc' dir='ltr'><strong><em>Καίσωνος,</em></strong></span> <span class='ocrx_word' id='word_1_168' title='bbox 361 2538 510 2622; x_wconf 85' lang='grc' dir='ltr'><strong><em>ἀδελφοῦ</em></strong></span> <span class='ocrx_word' id='word_1_169' title='bbox 543 2535 572 2602; x_wconf 87' lang='grc' dir='ltr'><strong><em>δ’</em></strong></span> <span class='ocrx_word' id='word_1_170' title='bbox 605 2538 686 2622; x_wconf 87' lang='grc' dir='ltr'><strong><em>ἐμοῦ</em></strong></span> <span class='ocrx_word' id='word_1_171' title='bbox 720 2537 815 2604; x_wconf 83' lang='grc' dir='ltr'><strong><em>τουδί</em></strong></span> <span class='ocrx_word' id='word_1_172' title='bbox 847 2537 901 2603; x_wconf 82' lang='grc' dir='ltr'><strong><em>καί</em></strong></span> <span class='ocrx_word' id='word_1_173' title='bbox 933 2542 991 2603; x_wconf 88' lang='grc' dir='ltr'><strong><em>τὸν</em></strong></span> <span class='ocrx_word' id='word_1_174' title='bbox 1025 2540 1154 2625; x_wconf 89' lang='grc' dir='ltr'><strong><em>χάρακα</em></strong></span> 
     </span>
     <span class='ocr_line' id='line_1_23' title="bbox 136 2642 1153 2730; baseline 0.001 -19"><span class='ocrx_word' id='word_1_175' title='bbox 136 2657 203 2711; x_wconf 84' lang='grc' dir='ltr'><strong><em>τῶν</em></strong></span> <span class='ocrx_word' id='word_1_176' title='bbox 226 2649 393 2730; x_wconf 85' lang='grc' dir='ltr'><strong><em>πολεμίων</em></strong></span> <span class='ocrx_word' id='word_1_177' title='bbox 413 2644 535 2722; x_wconf 81' lang='grc' dir='ltr'><strong><em>ἐξελεῖν</em></strong></span> <span class='ocrx_word' id='word_1_178' title='bbox 553 2642 608 2709; x_wconf 82' lang='grc' dir='ltr'><strong><em>καί</em></strong></span> <span class='ocrx_word' id='word_1_179' title='bbox 627 2648 725 2728; x_wconf 89' lang='grc' dir='ltr'><strong><em>νίκην</em></strong></span> <span class='ocrx_word' id='word_1_180' title='bbox 742 2654 781 2730; x_wconf 87' lang='grc' dir='ltr'><strong><em>τῆ</em></strong></span> <span class='ocrx_word' id='word_1_181' title='bbox 800 2647 933 2730; x_wconf 88' lang='grc' dir='ltr'><strong><em>πατρίδι</em></strong></span> <span class='ocrx_word' id='word_1_182' title='bbox 952 2658 1153 2730; x_wconf 82' lang='grc' dir='ltr'><strong><em>καταγαγεῖν</em></strong></span> 
     </span>
     <span class='ocr_line' id='line_1_24' title="bbox 137 2749 1152 2838; baseline 0.002 -22"><span class='ocrx_word' id='word_1_183' title='bbox 137 2751 386 2837; x_wconf 89' lang='grc' dir='ltr'><strong><em>λαμπροτάτην,</em></strong></span> <span class='ocrx_word' id='word_1_184' title='bbox 409 2751 640 2834; x_wconf 73' lang='grc' dir='ltr'><strong><em>φθονήσαντες</em></strong></span> <span class='ocrx_word' id='word_1_185' title='bbox 664 2751 752 2838; x_wconf 78' lang='grc' dir='ltr'><strong><em>αὐτῷ</em></strong></span> <span class='ocrx_word' id='word_1_186' title='bbox 778 2749 875 2833; x_wconf 88' lang='grc' dir='ltr'><strong><em>δόξης</em></strong></span> <span class='ocrx_word' id='word_1_187' title='bbox 896 2750 995 2834; x_wconf 87' lang='grc' dir='ltr'><strong><em>τινές,</em></strong></span> <span class='ocrx_word' id='word_1_188' title='bbox 1019 2752 1072 2816; x_wconf 86' lang='grc' dir='ltr'><strong><em>ότι</em></strong></span> <span class='ocrx_word' id='word_1_189' title='bbox 1097 2755 1152 2836; x_wconf 87' lang='grc' dir='ltr'><strong><em>δη-</em></strong></span> 
     </span>
     <span class='ocr_line' id='line_1_25' title="bbox 137 2850 1151 2941; baseline 0.001 -18"><span class='ocrx_word' id='word_1_190' title='bbox 137 2859 269 2941; x_wconf 88' lang='grc' dir='ltr'><strong><em>μοτικὸς</em></strong></span> <span class='ocrx_word' id='word_1_191' title='bbox 292 2855 353 2921; x_wconf 89' lang='grc' dir='ltr'><strong><em>οὐκ</em></strong></span> <span class='ocrx_word' id='word_1_192' title='bbox 376 2850 430 2938; x_wconf 80' lang='grc' dir='ltr'><strong><em>ῆν,</em></strong></span> <span class='ocrx_word' id='word_1_193' title='bbox 453 2851 533 2919; x_wconf 73' lang='grc' dir='ltr'><strong><em>οὐδὲ</em></strong></span> <span class='ocrx_word' id='word_1_194' title='bbox 556 2856 595 2919; x_wconf 86' lang='grc' dir='ltr'><strong><em>τά</em></strong></span> <span class='ocrx_word' id='word_1_195' title='bbox 618 2854 838 2941; x_wconf 82' lang='grc' dir='ltr'><strong><em>κεχαρισμένα</em></strong></span> <span class='ocrx_word' id='word_1_196' title='bbox 860 2868 930 2933; x_wconf 89' lang='grc' dir='ltr'><strong><em>τοῖς</em></strong></span> <span class='ocrx_word' id='word_1_197' title='bbox 947 2855 1067 2940; x_wconf 80' lang='grc' dir='ltr'><strong><em>πένησι</em></strong></span> <span class='ocrx_word' id='word_1_198' title='bbox 1088 2861 1151 2924; x_wconf 89' lang='grc' dir='ltr'><strong><em>διε-</em></strong></span> 
     </span>
     <span class='ocr_line' id='line_1_26' title="bbox 96 2960 1150 3051; baseline -0.001 -20"><span class='ocrx_word' id='word_1_199' title='bbox 96 2962 223 3032; x_wconf 80' lang='grc' dir='ltr'><strong><em>πτόλει</em></strong></span> <span class='ocrx_word' id='word_1_200' title='bbox 245 2965 515 3044; x_wconf 88' lang='grc' dir='ltr'><strong><em>πολιτευόμενος,</em></strong></span> <span class='ocrx_word' id='word_1_201' title='bbox 541 2969 579 3046; x_wconf 90' lang='grc' dir='ltr'><strong><em>τῆ</em></strong></span> <span class='ocrx_word' id='word_1_202' title='bbox 602 2963 714 3046; x_wconf 85' lang='grc' dir='ltr'><strong><em>πρώτη</em></strong></span> <span class='ocrx_word' id='word_1_203' title='bbox 737 2960 833 3026; x_wconf 82' lang='grc' dir='ltr'><strong><em>νυκτὶ</em></strong></span> <span class='ocrx_word' id='word_1_204' title='bbox 856 2965 935 3046; x_wconf 88' lang='grc' dir='ltr'><strong><em>μετά</em></strong></span> <span class='ocrx_word' id='word_1_205' title='bbox 958 2964 1019 3047; x_wconf 81' lang='grc' dir='ltr'><strong><em>τὴν</em></strong></span> <span class='ocrx_word' id='word_1_206' title='bbox 1043 2966 1150 3051; x_wconf 92' lang='grc' dir='ltr'><strong><em>μάχην</em></strong></span> 
     </span>
     <span class='ocr_line' id='line_1_27' title="bbox 137 3066 1150 3156; baseline -0.001 -21"><span class='ocrx_word' id='word_1_207' title='bbox 137 3069 384 3144; x_wconf 85' lang='grc' dir='ltr'><strong><em>ἀνασπάσαντες</em></strong></span> <span class='ocrx_word' id='word_1_208' title='bbox 406 3068 462 3143; x_wconf 80' lang='grc' dir='ltr'><strong><em>τὰς</em></strong></span> <span class='ocrx_word' id='word_1_209' title='bbox 481 3069 603 3149; x_wconf 84' lang='grc' dir='ltr'><strong><em>σκηνάς</em></strong></span> <span class='ocrx_word' id='word_1_210' title='bbox 621 3068 702 3132; x_wconf 84' lang='grc' dir='ltr'><strong><em>ἀνευ</em></strong></span> <span class='ocrx_word' id='word_1_211' title='bbox 720 3066 990 3153; x_wconf 84' lang='grc' dir='ltr'><strong><em>παραγγέλματος</em></strong></span> <span class='ocrx_word' id='word_1_212' title='bbox 1009 3068 1150 3156; x_wconf 37' lang='grc' dir='ltr'><strong><em>ἀπέδρα,</em></strong></span> 
     </span>
    </p>
   </div>
   <div class='ocr_carea' id='block_1_3' title="bbox 136 3292 1147 3578">
    <p class='ocr_par' dir='ltr' id='par_1_3' title="bbox 136 3292 1147 3578">
     <span class='ocr_line' id='line_1_28' title="bbox 208 3292 1147 3367; baseline 0 -17"><span class='ocrx_word' id='word_1_213' title='bbox 208 3299 274 3351; x_wconf 64' lang='grc' dir='ltr'><strong><em>ὑεῖ</em></strong></span> <span class='ocrx_word' id='word_1_214' title='bbox 287 3316 318 3364; x_wconf 91' lang='grc' dir='ltr'><strong><em>γε</em></strong></span> <span class='ocrx_word' id='word_1_215' title='bbox 338 3297 360 3351; x_wconf 94' lang='grc' dir='ltr'><strong>Ο</strong></span> <span class='ocrx_word' id='word_1_216' title='bbox 381 3299 435 3352; x_wconf 79' lang='grc' dir='ltr'><strong><em>εἴτε</em></strong></span> <span class='ocrx_word' id='word_1_217' title='bbox 454 3295 557 3349; x_wconf 83' lang='lat' dir='ltr'>Reiske</span> <span class='ocrx_word' id='word_1_218' title='bbox 574 3298 578 3360; x_wconf 76' lang='grc' dir='ltr'><strong><em>ί</em></strong></span> <span class='ocrx_word' id='word_1_219' title='bbox 595 3293 659 3367; x_wconf 86' lang='grc' dir='ltr'><strong><em>ὑπ’]</em></strong></span> <span class='ocrx_word' id='word_1_220' title='bbox 679 3295 788 3366; x_wconf 79' lang='grc' dir='ltr'><strong><em>ὑπὲρΑ</em></strong></span> <span class='ocrx_word' id='word_1_221' title='bbox 809 3292 891 3351; x_wconf 81' lang='grc' dir='ltr'><strong><em>έπὈ</em></strong></span> <span class='ocrx_word' id='word_1_222' title='bbox 965 3292 1077 3352; x_wconf 82' lang='grc' dir='ltr'><strong><em>3έστιν</em></strong></span> <span class='ocrx_word' id='word_1_223' title='bbox 1097 3316 1147 3353; x_wconf 87' lang='lat' dir='ltr'><strong><em>om.</em></strong></span> 
     </span>
     <span class='ocr_line' id='line_1_29' title="bbox 136 3366 1147 3441; baseline 0 -20"><span class='ocrx_word' id='word_1_224' title='bbox 136 3368 159 3421; x_wconf 93' lang='lat' dir='ltr'><strong>B</strong></span> <span class='ocrx_word' id='word_1_225' title='bbox 233 3376 249 3421; x_wconf 72' lang='lat'><strong>4</strong></span> <span class='ocrx_word' id='word_1_226' title='bbox 273 3367 410 3441; x_wconf 81' lang='grc' dir='ltr'><strong><em>εἰ&lt;γ&gt;οῦν</em></strong></span> <span class='ocrx_word' id='word_1_227' title='bbox 428 3368 475 3421; x_wconf 92' lang='lat' dir='ltr'><strong><em>Bb</em></strong></span> <span class='ocrx_word' id='word_1_228' title='bbox 549 3374 564 3421; x_wconf 87' lang='grc'><strong>6</strong></span> <span class='ocrx_word' id='word_1_229' title='bbox 589 3375 641 3421; x_wconf 86' lang='grc' dir='ltr'><strong><em>νῦν</em></strong></span> <span class='ocrx_word' id='word_1_230' title='bbox 661 3366 696 3435; x_wconf 79' lang='grc' dir='ltr'><strong><em>δὴ</em></strong></span> <span class='ocrx_word' id='word_1_231' title='bbox 715 3366 793 3420; x_wconf 79' lang='lat' dir='ltr'><strong><em>ABG</em></strong></span> <span class='ocrx_word' id='word_1_232' title='bbox 821 3385 888 3422; x_wconf 86' lang='lat' dir='ltr'>corr.</span> <span class='ocrx_word' id='word_1_233' title='bbox 912 3367 1035 3438; x_wconf 81' lang='lat' dir='ltr'>Sylburg</span> <span class='ocrx_word' id='word_1_234' title='bbox 1059 3369 1147 3423; x_wconf 84' lang='grc' dir='ltr'><strong><em>κατεί-</em></strong></span> 
     </span>
     <span class='ocr_line' id='line_1_30' title="bbox 137 3436 1146 3511; baseline 0 -19"><span class='ocrx_word' id='word_1_235' title='bbox 137 3443 226 3507; x_wconf 84' lang='grc' dir='ltr'><strong><em>ληφεν</em></strong></span> <span class='ocrx_word' id='word_1_236' title='bbox 245 3440 318 3508; x_wconf 82' lang='grc' dir='ltr'><strong><em>ὑμᾶς</em></strong></span> <span class='ocrx_word' id='word_1_237' title='bbox 338 3483 343 3494; x_wconf 95' lang='grc'><em>.</em></span> <span class='ocrx_word' id='word_1_238' title='bbox 363 3439 532 3511; x_wconf 88' lang='grc' dir='ltr'><strong><em>φοβούμεθα</em></strong></span> <span class='ocrx_word' id='word_1_239' title='bbox 552 3436 584 3492; x_wconf 70' lang='grc' dir='ltr'><strong><em>δὲ</em></strong></span> <span class='ocrx_word' id='word_1_240' title='bbox 603 3436 640 3506; x_wconf 82' lang='grc' dir='ltr'><strong><em>μὴ</em></strong></span> <span class='ocrx_word' id='word_1_241' title='bbox 660 3454 682 3490; x_wconf 88' lang='grc' dir='ltr'><strong><em>ο.</em></strong></span> <span class='ocrx_word' id='word_1_242' title='bbox 701 3437 845 3507; x_wconf 83' lang='lat' dir='ltr'>Kiessling</span> <span class='ocrx_word' id='word_1_243' title='bbox 938 3446 971 3493; x_wconf 87' lang='lat'><strong><em>14</em></strong></span> <span class='ocrx_word' id='word_1_244' title='bbox 994 3438 1109 3508; x_wconf 86' lang='grc' dir='ltr'><strong><em>μάντεις</em></strong></span> <span class='ocrx_word' id='word_1_245' title='bbox 1126 3437 1146 3492; x_wconf 93' lang='grc'>0</span> 
     </span>
     <span class='ocr_line' id='line_1_31' title="bbox 138 3508 804 3578; baseline -0.002 -16"><span class='ocrx_word' id='word_1_246' title='bbox 138 3516 268 3578; x_wconf 83' lang='grc' dir='ltr'><strong><em>μαντεῖαι</em></strong></span> <span class='ocrx_word' id='word_1_247' title='bbox 287 3509 407 3578; x_wconf 84' lang='lat' dir='ltr'>Sylburg</span> <span class='ocrx_word' id='word_1_248' title='bbox 497 3516 530 3562; x_wconf 78' lang='lat'><strong><em>21</em></strong></span> <span class='ocrx_word' id='word_1_249' title='bbox 550 3509 599 3563; x_wconf 79' lang='grc' dir='ltr'><strong><em>καὶ</em></strong></span> <span class='ocrx_word' id='word_1_250' title='bbox 617 3508 697 3562; x_wconf 79' lang='grc' dir='ltr'><strong><em>τονδὶ</em></strong></span> <span class='ocrx_word' id='word_1_251' title='bbox 715 3508 763 3562; x_wconf 79' lang='grc' dir='ltr'><strong><em>καὶ</em></strong></span> <span class='ocrx_word' id='word_1_252' title='bbox 781 3508 804 3561; x_wconf 94' lang='grc' dir='ltr'><strong>Β</strong></span> 
     </span>
    </p>
   </div>
   <div class='ocr_carea' id='block_1_4' title="bbox 0 17 1216 3848">
    <p class='ocr_par' dir='ltr' id='par_1_4' title="bbox 0 17 1216 3848">
     <span class='ocr_line' id='line_1_32' title="bbox 0 17 1216 3848; baseline 0 2"><span class='ocrx_word' id='word_1_253' title='bbox 0 17 1216 3848; x_wconf 95' lang='lat' dir='ltr'><strong><em> </em></strong></span> 
     </span>
    </p>
   </div>
  </div>
 </body>
</html>
