2424 3848
534 187 695 237 -Ζ-
865 250 873 261 ,
1078 183 1123 248 43

102 348 151 423 είς
177 347 238 430 τὴν
267 344 396 433 ἀγοράν
424 344 482 422 τάς
503 368 537 410 τε
560 346 675 423 κοινάς
697 345 941 429 ἀπολυσόμενοι
964 346 1124 430 διαβολὰς

102 450 159 518 καὶ
188 450 266 538 περὶ
296 461 357 518 τοῦ
384 455 541 537 Μαρκίου
568 454 628 518 τδν
657 454 765 536 δῆμον
792 451 988 531 ἀξιώσοντες
1014 448 1124 536 μηδὲν

103 561 286 643 βουλεῦσαι
318 557 508 643 ἀνήκεστον.
557 554 613 623 καὶ
644 559 823 644 παρελθὼν
857 559 875 625 ὁ
902 560 1124 645 πρεσβύτερος

105 664 218 730 αὐτῶν
240 665 418 749 Μηνύκιος
441 663 529 742 ἔλεξε
551 664 674 730 τοιάδε.

33 791 105 842 1374
172 770 330 837 XXVIII.
354 768 404 835 Ἦ
416 767 477 855 μὲν
493 766 579 856 ὑπὲρ
597 779 655 854 τῆς
673 772 836 848 σιτοδείας
854 770 1016 853 ἀπολογία
1033 771 1123 837 πάνυ
1150 795 1164 836 ι

104 877 243 963 βραχεῖά
267 875 366 960 ἐστιν,
391 871 417 941 ὦ
441 877 598 961 δημόται,
620 873 675 941 καὶ
698 877 760 950 οὐκ
783 878 905 955 ἄλλους
926 879 1018 955 τινάς
1041 899 1124 964 παρ-

104 982 251 1068 εξόμεθα
274 977 322 1049 ὧν
345 982 387 1048 ἀν
406 981 554 1067 λέγωμεν
572 983 592 1067 ἢ
611 983 697 1069 ὑμᾶς
714 983 891 1071 μάρτυρας.
926 987 988 1068 την
1006 1008 1041 1050 τε
1059 986 1122 1071 γὰρ

104 1089 254 1175 ἀφορίαν
284 1101 352 1156 τῶν
384 1095 519 1155 σιτικῶν
551 1101 687 1175 καρπῶν
719 1088 897 1156 ἐπίστασθε
931 1093 1039 1174 δήπου
1068 1088 1124 1156 καὶ

103 1194 203 1262 αὐτοὶ
230 1197 287 1261 διά
313 1198 373 1262 τὸν
395 1195 613 1282 ἐκλειφθέντα
635 1200 762 1283 σπόρον
785 1196 981 1280 γενομένην·
1009 1198 1069 1280 τήν
1092 1194 1120 1261 τ’

103 1305 212 1386 ἀλλην
243 1305 462 1389 καταφθοράν
492 1312 550 1388 τῆς
581 1304 689 1389 χώρας
716 1303 758 1369 οὐ
785 1299 862 1389 παρ’
890 1300 1011 1388 ἑτέρων
1038 1303 1123 1388 ὑμᾶς
1138 1327 1165 1366 ιο

103 1411 161 1475 δεῖ
185 1415 325 1494 μαθεῖν,
352 1405 411 1493 ἀφ’
438 1404 477 1492 ἧς
499 1411 604 1486 αίτίας
627 1408 778 1494 συνέβη,
794 1406 849 1474 καὶ
872 1409 917 1486 ὡς
939 1413 1123 1475 τελευτῶσα

102 1515 125 1599 ἡ
149 1519 287 1599 πλείστη
310 1514 423 1581 τεκαὶ
446 1514 563 1601 ἀρίστη
586 1525 627 1600 γη
651 1516 785 1582 πάντων
809 1515 964 1581 ἐσπάνικε
987 1527 1124 1602 καρπῶν

102 1645 140 1688 τε
167 1621 224 1688 καὶ
252 1621 474 1715 ἀνδραπόδων
500 1620 556 1688 καὶ
578 1623 797 1707 βοσκημάτων
820 1623 860 1688 τά
882 1618 944 1707 μὲν
967 1623 1033 1690 ὑπὸ
1056 1635 1123 1689 τῶν

102 1731 275 1812 πολεμίων
300 1714 558 1814 διαρπαζομένη,
585 1729 624 1794 τά
649 1725 679 1793 δ’
707 1728 788 1813 ὑμῖν
811 1731 855 1814 μη
880 1728 1124 1815 ἐπιχορηγοῦσα

102 1834 278 1912 τοσούτοις
292 1829 368 1900 οὖσι
382 1832 437 1900 καὶ
451 1835 616 1919 μηδεμίαν
630 1835 735 1919 ἀλλην
749 1834 963 1922 ἀποστροφὴν
978 1838 1120 1920 ἔχουσιν.
1136 1856 1161 1899 ιι

99 1936 185 2007 ὥστ’
212 1939 275 2006 οὐκ
302 1938 335 2019 ἐξ
364 1935 412 2005 ὧν
439 1941 475 2007 οί
496 1939 688 2026 δημαγωγοὶ
712 1941 967 2026 διαβάλλουσιν,
994 1936 1066 2007 ἀλλ’
1089 1941 1158 2020 ἐξ2

104 2042 155 2114 ὧν
183 2043 279 2112 αὐτοὶ
306 2052 391 2132 ίστε,
419 2049 478 2113 τὸν
506 2048 604 2132 λιμὸν
631 2047 811 2131 ἡγούμενοι
839 2045 1013 2131 γεγονέναι
1040 2048 1123 2112 παύ-

95 2158 213 2219 ’σασδε
235 2153 480 2239 προσάπτοντες
502 2139 682 2238 ἐπιβουλὴν
704 2152 866 2239 ἡμετέραν
884 2163 929 2241 τῷ
947 2153 1050 2218 πάδει
1067 2151 1123 2218 καὶ

104 2256 150 2326 δι’
174 2259 276 2346 ὀργῆς
299 2261 428 2346 ἔχοντες
449 2261 534 2345 ημᾶς
556 2257 661 2326 οὐδὲν
684 2260 889 2338 ἀδικοῦντας.
931 2262 968 2326 αί
989 2257 1019 2325 δ’
1042 2259 1157 2329 ἀπο-3

105 2363 224 2432 στολαὶ
255 2377 322 2432 τῶν
353 2368 548 2452 κληρούχων
582 2365 618 2432 ἐκ
648 2375 709 2432 τοῦ
741 2366 923 2450 ἀναγκαίου
956 2365 1122 2451 ἐγένοντο,
1136 2388 1163 2429 νο

106 2480 203 2557 κοινῇ
233 2471 334 2550 δόξαν
357 2472 437 2556 ὑμῖν
460 2473 562 2538 άπασι
585 2473 642 2537 διὰ
664 2478 814 2557 φυλακῆς
837 2476 925 2558 ἔχειν
948 2478 1053 2560 χωρία
1075 2476 1123 2550 είς

32 2582 253 2662 1375πόλεμον
277 2577 454 2663 ἐπιτήδεια,
477 2577 532 2643 καί
554 2578 680 2663 μεγάλα
703 2580 837 2663 ὤνησαν
860 2577 898 2644 ἐν
918 2588 1022 2666 καιρῷ
1040 2581 1122 2664 σφό-

104 2687 170 2770 δρα
203 2683 372 2772 ἀναγκαίῳ
402 2686 580 2768 γενόμεναι
612 2685 690 2762 τούς
721 2682 748 2750 τ’
782 2683 929 2763 ἐξιόντας
958 2681 1014 2747 καὶ
1043 2686 1122 2761 τοὺς

102 2789 388 2876 ὑπολειπομένους
413 2790 518 2875 ὑμῶν.
564 2791 600 2856 οί
624 2787 685 2875 μὲν
710 2791 773 2877 γάρ
797 2787 1044 2875 ἀφθονωτέρων
1066 2790 1121 2855 εύ-

180 3024 193 3072 1
213 3018 321 3073 ἀπολνσ
343 3017 458 3088 ό>μενοι
475 3017 522 3070 Bb
586 3017 790 3084 λάξιώσαντες
807 3014 833 3067 Α
893 3020 909 3068 3
930 3015 1078 3086 βουλεῦσαι
1097 3015 1120 3069 Β

104 3088 313 3164 βουλεύσασθαι
421 3087 639 3170 5σ<ιτ>οδείας
655 3087 701 3141 Bb
767 3093 798 3139 11
819 3082 959 3159 <αί>τίας
976 3084 1024 3139 Bb
1087 3093 1121 3141 14
1174 3125 1180 3132 ·

73 3198 77 3203 -
103 3163 191 3231 ύμῖν
209 3159 256 3213 Bb
278 3165 282 3225 1
305 3159 342 3230 μὴ
362 3159 415 3214 deL
435 3159 548 3214 Kbstlm
566 3159 731 3228 Philologus
750 3162 786 3210 34
803 3158 895 3228 (1874)
914 3174 942 3226 p.
963 3161 1014 3211 754
1033 3157 1078 3212 ἀεὶ
1097 3176 1120 3215 ο.

104 3231 230 3287 Schenkl
252 3230 385 3285 Bursiani
408 3229 544 3286 librorum
567 3230 668 3286 annale
691 3227 811 3283 breviar.
832 3245 860 3297 p.
883 3232 916 3283 53
941 3227 1068 3298 suspicor
1090 3228 1121 3282 in

103 3303 143 3374 μὴ
162 3303 253 3356 labere
270 3318 369 3357 vocem
383 3300 517 3371 δαπάνην
530 3302 576 3356 vel
590 3307 667 3355 σῖτον
681 3299 728 3354 vel
742 3297 834 3353 simile
849 3298 959 3368 aliquid
1004 3307 1035 3354 15
1050 3299 1120 3353 ἀπο-

103 3372 232 3444 στροφὴν
251 3373 327 3427 ABa
344 3372 511 3443 ἀποτροφὴν
529 3373 576 3426 Bb
631 3377 665 3426 23
685 3371 830 3443 ἀναγκαίῳ
849 3373 903 3426 del.
922 3370 1029 3438 Kayser
1048 3373 1120 3426 Ann.

103 3444 176 3516 phil.
192 3449 261 3499 1868
275 3463 303 3514 p.
318 3450 370 3499 813
388 3444 550 3514 ἀναγκαίως
566 3443 590 3496 Β
645 3449 680 3498 24
699 3440 728 3496 οί
740 3439 791 3512 μὲν
806 3462 837 3513 γε
851 3442 901 3496 Bc
921 3438 950 3497 οί
962 3439 1013 3511 μὲν
1027 3439 1080 3510 γὰρ
1095 3440 1121 3493 Β
