2424 3848
517 209 683 261 -Θ-

95 373 178 435 ὥστε
202 374 284 456 πρὸς
307 381 345 456 τῇ
369 373 526 457 αίσχύυη,
549 371 591 454 ἣν
615 369 651 436 ἐκ
673 380 732 436 τοῦ
755 375 946 435 καταλιπεῖν
968 372 1027 435 τὸν
1050 370 1141 455 χά-2

94 501 178 562 ρακα
206 474 404 560 ἠνέγκαντο,
430 475 486 541 καλ
513 478 674 541 κίνδυνον
702 477 742 541 οὐ
771 479 829 542 τὸν
853 475 1025 560 ἐλάχιστον
1048 476 1106 540 αύ-

92 587 170 660 τούς
200 581 396 668 ἀναρρῖψαι,
427 586 566 660 σκότους
596 582 752 659 ἀπιόντας
782 584 837 647 διά
866 592 923 665 τῆς
949 586 1107 666 πολεμίας

93 688 246 766 ἀτάκτως.
292 696 326 754 εί
348 687 380 771 γ’
407 684 469 754 οὖν
496 699 594 754 τοῦτο
622 693 868 773 καταμαθόντες
896 690 931 754 οί
955 687 1107 772 πολέμιοι

93 794 129 861 ἐκ
160 798 282 871 παντὸς
314 795 471 862 ἀπιοῦσιν
504 795 618 872 αὐτοῖς
649 797 901 879 ἠκολούθησαν,
933 790 1034 860 οὐδέν
1064 794 1107 860 ἀν
1134 816 1147 856 5

93 901 260 968 ἐκώλυσεν
289 903 420 967 άπασαν
451 900 657 967 ἀπολωλέναι
686 902 747 985 τὴν
778 902 941 988 στρατιάν.
987 911 1044 985 τῆς
1072 899 1101 965 δ’

93 1008 217 1090 ἀλόγου
236 1008 356 1090 ταύτης
373 1005 546 1091 ἀπάρσεως
564 1006 584 1090 ἢ
603 1015 712 1090 φυγῆς
729 1008 766 1071 τὸ
786 1009 868 1092 πρὸς
887 1008 945 1073 τόν
960 1008 1106 1092 ἡγεμόνα

93 1113 129 1178 ἐκ
157 1124 216 1179 τοῦ
244 1115 353 1197 δήμου
381 1124 492 1196 μίσος,
520 1113 628 1198 ὥσπερ
658 1115 759 1197 ἐφηυ,
788 1119 896 1178 αίτιον
918 1107 977 1197 ἦν,
1005 1111 1060 1177 καλ
1088 1113 1106 1178 δ

93 1222 224 1303 φθόνος
245 1227 302 1301 τῆς
325 1217 454 1283 ἐκείνου
478 1227 583 1302 τιμῆς,
606 1219 662 1282 ἵνα
681 1217 725 1302 μὴ
743 1219 915 1302 θριάμβου
932 1227 1106 1302 καταγωγῇ

92 1322 273 1409 κοσμηθεὶς
301 1322 558 1408 ἐπιφανέστατος
584 1322 727 1406 γένηται.
773 1332 812 1410 τῇ
842 1321 872 1388 δ’
901 1321 974 1408 ἑξῆς
1001 1308 1146 1420 λχμέριχιῗ0

93 1433 257 1515 μαθόντες
280 1431 315 1494 οί
336 1433 502 1515 Τυρρηνοὶ
524 1432 586 1514 τὴν
610 1433 754 1514 άπαρσιν
777 1442 844 1496 τῶν
861 1428 1030 1515 Ῥωμαίων
1053 1453 1106 1495 νε-

92 1538 194 1622 κρούς
221 1533 249 1601 τ’
277 1536 387 1601 αὐτῶν
415 1535 616 1602 ἐσκύλευσαν
644 1539 699 1601 καὶ
724 1541 924 1621 τραυματίας
947 1536 1106 1622 ἀράμενοι

24 1643 280 1725 1748ἀπηνεγκαν
303 1643 361 1719 τάς
383 1667 416 1708 τε
440 1648 715 1727 καταλειφθείσας
739 1642 775 1708 ἐν
799 1653 843 1732 τῷ
867 1645 983 1730 χάρακι
1002 1665 1106 1728 παρα·
1187 1719 1194 1731 Ι

94 1750 212 1825 σκευάς
234 1786 277 1794 -
301 1747 420 1814 πολλαὶ
449 1746 480 1813 δ’
501 1744 587 1832 ἦσαν
610 1750 654 1826 ὡς
676 1752 724 1826 είς
746 1753 883 1835 χρόνιον
905 1764 1105 1834 παρεσκευα-

93 1852 211 1939 σμέναι
234 1858 381 1938 πόλεμον
400 1893 441 1915 —.
462 1857 677 1940 διεφόρησαν,
699 1854 754 1920 καὶ
778 1857 822 1933 ὡς
845 1855 886 1938 δη
909 1864 1106 1941 κρατοῦντες
1121 1876 1146 1915 15

92 1971 150 2045 της
172 1962 281 2046 χώρας
303 1972 371 2026 τῶν
393 1966 560 2046 πολεμίων
583 1963 644 2046 τὴν
663 1960 830 2046 ἐγγυτάτω
849 1965 1106 2045 λεηλατήσαντες

93 2067 223 2149 ἀπῆγον
246 2068 308 2150 τὴν
332 2069 497 2152 στρατιάν.

160 2171 200 2236 V.
222 2174 266 2237 Οί
279 2169 315 2238 δέ
329 2175 409 2258 μετά
422 2176 560 2251 τούτους
574 2172 828 2260 ἀποδειχθέντες
842 2173 973 2256 ύπατοι,
985 2175 1016 2236 Γ
1013 2171 1106 2249 υάίος

93 2279 247 2356 Μάλλιος
269 2279 324 2344 καὶ
342 2281 482 2365 Μάρκος
502 2282 628 2366 Φάβιος
651 2283 687 2345 τὸ
712 2281 868 2364 δεύτερον
887 2281 1001 2364 ἀρχειν
1019 2279 1106 2362 αίρε-

93 2389 177 2468 θείς,
195 2387 350 2470 ψήφισμα
367 2395 425 2469 τῆς
442 2390 567 2470 βουλῆς
584 2385 808 2470 ποιησαμένης
822 2387 963 2470 στρατὸν
978 2382 1106 2466 ἐξάγειν
1120 2404 1147 2444 ιο

94 2489 147 2556 ἐπὶ
167 2490 227 2573 τὴν
244 2491 457 2557 Οὐιεντανῶν
471 2497 581 2576 πόλιν,
600 2493 681 2558 ὅσον
696 2492 738 2558 ἀν
752 2497 906 2557 πλεῖστον
921 2493 1106 2574 δυνηθῶσι,

92 2597 291 2682 προῦθηκαν
308 2597 444 2683 ἡμέραν,
465 2598 501 2664 ἐν
514 2593 536 2686 ᾖ
550 2602 610 2665 τὸν
623 2600 808 2683 κατάλογον
822 2601 960 2683 ἔμελλον
973 2599 1107 2681 ποιησε-

94 2709 176 2767 σθαι
200 2711 257 2784 τῆς
281 2713 441 2789 στρατιᾶς.
483 2703 663 2789 γινομένου
688 2702 719 2769 δ’
742 2706 853 2782 αὐτοῖς
877 2703 1029 2788 ἐμποδὼν
1053 2701 1107 2768 ἐπὶ

92 2808 236 2873 κωλύσει
254 2817 311 2891 τῆς
329 2819 539 2894 καταγραφῆς
558 2808 632 2887 ένὸς
650 2821 717 2875 τῶν
734 2811 923 2896 δημάρχων,
947 2813 1105 2895 Τεβερίου

93 2919 323 2998 Ποντοφικίου
341 2914 396 2981 καλ
415 2918 451 2980 τὸ
470 2915 545 3001 περὶ
564 2925 621 3000 τῆς
639 2921 836 3001 κληρουχίας
853 2917 1007 3000 νηφισμα
1026 2913 1104 2979 ἀνα-
1120 2929 1146 2969 25

93 3018 319 3104 καλουμένου,
351 3022 616 3107 θεραπεύσαντες
643 3033 709 3086 τῶν
738 3024 974 3106 συναρχόντων
1002 3021 1105 3087 αὐτοῦ

165 3182 182 3230 4
202 3176 229 3231 εί
245 3176 298 3248 γάρ
317 3175 368 3231 οόν
387 3194 409 3231 ο.
425 3177 549 3232 Reudler
564 3179 653 3232 Tiroc.
669 3178 730 3232 crit.
745 3184 799 3246 με
873 3182 888 3230 ό
909 3173 940 3231 ἐκ
958 3177 1063 3239 παντὸς
1082 3177 1104 3232 Ο

93 3252 122 3302 et
138 3247 240 3302 Suidas
260 3243 290 3302 ἐκ
308 3247 396 3310 ποδὸς
415 3265 437 3303 ο.
454 3249 575 3319 Sylburg
649 3256 682 3302 14
700 3242 772 3317 ἦσαν
791 3244 993 3317 ἐσκευασμέναι
1011 3249 1048 3310 ὡς
1066 3246 1106 3310 εἰς

92 3317 399 3445 χΒπχιρεσχιενχρμέναι
417 3318 495 3410 {Bc
512 3320 634 3444 chffdvf’v
648 3318 699 3444 ξω
759 3325 792 3373 15
811 3319 847 3443 &se
864 3320 1106 3444 χδχμοκρρτοχνχες

93 3483 136 3531 up.
156 3407 500 3530 ομΚρτχΒεχχχεκρατονντες
589 3411 659 3457 ωςη
680 3410 697 3458 η
717 3409 758 3457 κρ,
783 3407 806 3443 ο.
845 3407 864 3458 y
896 3408 948 3460 urg
971 3411 1007 3452 ως
1044 3410 1106 3460 ηοι
