2424 3848
544 203 710 252 ,Η-

121 365 305 445 εκόπησαν,
337 361 389 426 ότι
419 362 641 447 συμπράττειν
670 373 740 438 τοῖς
769 367 964 447 βασιλεῦσιν
995 363 1146 431 ἐδόκουν

121 468 182 551 τὴν
204 468 363 533 κάθοδον.
409 465 464 532 καὶ
482 469 562 551 μετὰ
580 478 683 534 ταῦτα
701 468 854 545 Μάλλιος
872 470 931 535 τὸν
950 472 1145 537 Γαλατικὸν

121 578 268 659 πόλεμον
291 584 483 660 στρατηγῶν
505 577 565 641 τὸν
587 576 664 641 νίὸν
687 574 904 661 ἀριστεύοντα
930 577 1014 641 κατὰ
1041 579 1144 643 πόλε·

122 705 187 766 μον
210 691 266 765 τῆς
288 677 351 766 μὲν
372 679 528 765 ἀνδρείας
550 681 647 747 ἕνεκα
669 693 739 758 τοῖς
761 682 938 767 ἀριστείοις
960 682 1143 766 στεφάνοις

96 786 318 872 εέκόσμησεν,
336 787 512 852 ἀπείθειαν
527 785 558 852 δ’
575 787 753 871 ἐπικαλῶν,
773 788 823 853 ὅτι
838 788 900 854 οὐκ
914 787 951 853 ἐν
970 781 996 876 ᾧ
1012 787 1142 876 ἐτάχθη

120 897 273 983 φρουρίῳ
303 896 447 978 ἔμεινεν,
478 892 562 958 ἀλλά
588 895 678 978 παρὰ
705 895 766 977 τὴν
794 894 953 979 ἐπιταγὴν
979 903 1041 960 τοῦ
1064 896 1142 981 ἡγε-

122 1004 224 1085 μόνος
242 999 383 1085 ἐξῆλθεν
402 999 659 1084 ἀγωνιούμενος,
677 1002 723 1078 ὡς
741 1002 940 1086 λιποτάκτην
959 999 1141 1069 ἀπέκτεινε.
1191 1060 1194 1065 .

86 1106 177 1176 3καὶ
199 1109 294 1173 άλλοι
316 1104 434 1174 πολλοὶ
456 1106 659 1193 πατέρες,οί
679 1105 740 1193 μέν
764 1107 816 1174 ἐπὶ
839 1111 986 1193 μείζοσιν
1005 1110 1141 1195 αίτίαις,

123 1216 158 1280 οἱ
175 1212 205 1280 δ’
228 1211 278 1280 ἐπ’
301 1213 483 1297 ἐλάττοσιν,
501 1214 578 1279 ούτε
595 1216 701 1299 φειδὼ
719 1226 786 1282 τῶν
804 1217 934 1281 παίδων
953 1213 1023 1281 οὔτ’
1042 1208 1142 1283 ἔλεον

82 1342 109 1382 10
123 1323 229 1407 ἔσχον.
281 1321 364 1387 κατὰ
394 1316 454 1404 μὲν
485 1321 527 1404 δη
556 1317 646 1387 τοῦτ’
681 1321 743 1388 οὐκ
772 1321 868 1406 ἀξιῶ,
897 1323 1009 1408 ὥσπερ
1040 1325 1141 1408 ἔφην,

122 1431 374 1512 προβεβλῆσθαι
401 1428 461 1492 τὸν
492 1429 595 1510 λόγον
628 1427 672 1504 ὡς
695 1426 876 1493 ἀπιθανόν·
903 1426 1014 1494 ἐκεῖνα
1037 1427 1079 1494 δέ
1099 1453 1140 1514 με

122 1531 279 1599 ἀνθέλκει
302 1536 488 1616 τεκμηρίων
511 1534 592 1598 ’όντα
615 1529 685 1598 οὔτ’
713 1532 867 1618 ἐλάχιστα
890 1530 959 1599 οὔτ’
987 1533 1202 1604 ἀπόθαναιτολ

122 1637 178 1704 καὶ
200 1642 283 1722 πρὸς
305 1639 365 1720 τὴν
389 1635 504 1721 ἑτέραν
523 1640 597 1722 άγει
621 1639 879 1724 συγκατάθεσιν,
903 1640 953 1704 ὅτι
974 1641 1056 1725 μετά
1079 1645 1140 1708 τὸν

124 1745 274 1810 θάνατον
297 1755 357 1810 τοῦ
376 1747 528 1810 Κασσίου
546 1746 567 1829 λλ
586 1743 617 1810 τ’
639 1747 728 1813 οίκία
745 1746 947 1832 κατεσκάφη,
967 1745 1141 1836 καὶμέχρι

83 1870 110 1912 ιι
122 1852 222 1916 τοῦδε
246 1849 371 1915 ἀνεῖται
390 1851 408 1916 ὁ
427 1854 526 1928 τόπος
548 1851 650 1935 αὐτῆς
672 1857 806 1937 αίθριος
829 1850 890 1930 ἐξω
913 1862 974 1918 τοῦ
997 1855 1064 1919 νεὼ
1082 1864 1141 1940 τῆς

123 1959 203 2042 Γῆς,
221 1956 261 2023 ὃν
280 1955 431 2042 ὑστέροις
448 1958 468 2042 η
487 1960 583 2035 πόλις
601 1959 818 2024 κατεσκεύασε
836 1961 970 2045 χρόνοις
988 1959 1026 2026 ἐν
1046 1960 1142 2049 μέρει

122 2062 189 2130 τινὶ
221 2063 320 2147 αὐτῆς
355 2065 438 2129 κατά
474 2066 536 2149 τὴν
568 2063 620 2129 ἐπὶ
653 2068 802 2149 Καρίνας
837 2063 1008 2151 φέρουσαν
1045 2067 1141 2153 ὁδόν,

122 2169 241 2237 καὶτὰ
263 2171 412 2256 χρήματα
435 2171 538 2237 αὐτοῦ
561 2172 599 2236 τὸ
622 2174 739 2237 κοινὸν
757 2170 931 2256 ἀνέλαβεν·
955 2171 988 2251 ἐξ
1013 2167 1062 2238 ὧν
1082 2173 1142 2240 ἀπ-

124 2279 225 2362 αρχάς
258 2275 294 2342 έν
326 2278 439 2353 ἄλλοις
470 2300 505 2341 τε
539 2277 640 2363 ίεροῖς
667 2276 828 2361 ἀνέθηκε,
858 2276 914 2343 καλ
947 2280 989 2363 δη
1016 2278 1073 2345 καὶ
1100 2290 1141 2367 τῇ

83 2403 110 2443 ευ
125 2385 278 2467 Δήμητρι
309 2385 387 2459 τοὺς
419 2380 579 2469 χαλκέους
615 2382 816 2468 ἀνδριάντας
852 2382 1049 2471 ἐπιγραφαῖς
1082 2388 1141 2471 δη-

89 2493 279 2573 4λοῦντας,
309 2486 366 2573 ἀφ’
393 2485 442 2556 ὧν
465 2492 529 2555 είσι
551 2491 728 2576 χρημάτων
752 2489 903 2576 ἀπαρχαί.
949 2494 981 2556 εί
1002 2490 1043 2557 δέ
1062 2489 1094 2575 γ’
1122 2494 1141 2560 ὁ

123 2597 230 2682 πατὴρ
253 2597 400 2680 μηνυτής
422 2592 535 2660 τεκαὶ
557 2599 740 2681 κατήγορος
767 2593 823 2662 καὶ
845 2598 1008 2681 κολαστὴς
1034 2598 1202 2666 αύτοῦιιοε

125 2700 274 2786 ἐγένετο,
309 2697 379 2766 οὔτ’
415 2699 457 2766 ἀν
486 2700 507 2785 ἡ
538 2702 626 2766 οίκία
657 2701 760 2767 αὐτοῦ
793 2703 980 2787 κατεσκάφη
1011 2705 1089 2770 οὔτε
1119 2706 1141 2790 ἡ

124 2808 231 2875 οὐσία,
242 2807 420 2892 ἐδημεύθη.
447 2804 619 2891 Ῥωμαίοις
637 2809 700 2892 γάρ
720 2804 825 2874 οὐθὲν
840 2810 928 2874 ίδιόν
947 2808 1016 2874 ἐστι
1033 2821 1141 2897 κτῆμα
1192 2833 1200 2844 ··

196 3040 212 3088 2
231 3033 387 3096 *Μάλλιος
406 3028 437 3088 ἐν
456 3039 493 3106 τῷ
512 3037 659 3107 Γαλατικῷ
677 3034 787 3108 πολέμῳ
807 3035 829 3090 O
855 3039 896 3091 M.
916 3035 930 3090 δ
950 3032 982 3092 ἐν
999 3043 1038 3091 τῶ
1058 3043 1091 3094 Γ.
1111 3058 1141 3096 π.

124 3104 269 3176 Kiessling
286 3105 414 3168 Μάλλιος
431 3105 480 3160 τόν
500 3106 657 3160 Γαλατικὸν
675 3106 798 3176 πόλεμον
816 3105 916 3178 scripsi
977 3114 994 3162 5
1013 3091 1142 3179 ἐγκαλῶν

124 3195 148 3234 ο.
168 3176 291 3248 Sylburg
363 3182 378 3231 7
398 3176 485 3230 verba
502 3175 569 3231 inde
589 3179 625 3232 ab
644 3172 764 3246 ἐξῆλθεν
782 3194 872 3246 usque
891 3178 928 3232 ad
946 3178 1018 3234 κατέ
1037 3200 1066 3244 ες
1085 3198 1142 3238 om.

123 3248 171 3302 Ba
185 3248 249 3303 add.
267 3247 367 3318 Bbmg
382 3250 386 3316 Ι
403 3246 587 3317 λιιτοτάκτην
607 3248 630 3303 Ο
644 3263 714 3303 corr.
728 3248 860 3304 Hertlein
873 3249 990 3304 Hermes
1043 3270 1072 3322 p.
1088 3260 1142 3310 411

125 3325 141 3373 9
162 3316 191 3373 οί
208 3317 238 3372 δ’
260 3314 306 3374 ἐπ’
328 3314 471 3374 ἐλάττοσιν
490 3318 554 3375 add.
574 3318 675 3388 Bbmg
748 3325 781 3372 12
801 3319 861 3376 οὔτ’
882 3322 1016 3376 ἀπίθανα
1036 3323 1103 3382 add.
1118 3326 1144 3380 A

124 3395 160 3443 20
179 3388 298 3514 χοχλκέας
317 3395 340 3444 Α
360 3393 495 3458 χαλκοῦςλ
596 3398 627 3445 21
648 3390 690 3462 τε]
713 3410 744 3460 γε
763 3390 786 3443 Β
886 3399 920 3447 23
939 3391 956 3459 ἡ
976 3395 1044 3449 ante
1064 3394 1144 3452 οίκία

124 3477 178 3513 om.
1023 3514 1026 3519 Α
1131 3516 1134 3521 .
