2378 3840
485 161 652 214 -(ι)..

59 332 99 406 τη
129 319 160 386 δ’
188 319 259 403 ἑξῆς
287 321 392 409 ἡμέρη
419 322 632 406 στεφανώσας
658 325 736 399 τοὺς
759 321 1014 408 ἀριστεύσαντας
1037 323 1073 388 ἐν

59 439 132 504 ταῖς
161 427 280 512 μάχαις
308 438 379 503 ταῖς
409 426 680 509 ἐκπρεπεστάταις
710 429 866 520 δωρεαῖς,
898 430 1005 494 πάντα
1034 431 1073 494 τά

59 531 352 617 ἐγκαταληφθέντα
375 532 412 598 έν
434 542 479 621 τῶ
503 535 621 619 χάρακι
644 535 806 618 ὑποζύγιά
824 559 858 600 τε
877 533 931 600 καὶ
951 534 1073 618 ἀνδρά-

58 643 148 706 ποδα
170 637 225 705 καλ
250 641 372 722 σκηνάς
393 645 528 704 πολλῶν
549 639 688 723 ἀγαθῶν
706 642 871 725 γεμούσας
888 654 958 718 τοῖς
976 659 1073 726 στρα-

13 815 15 819 ,
58 749 190 823 τιώταις
218 745 399 831 ἐχαρίσατο.
444 744 499 810 καλ
527 745 653 831 ἐγένετο
681 746 717 811 ἐν
745 753 850 832 πολλῇ
874 749 1013 835 εὐπορίᾳ
1035 749 1072 814 τὸ
1100 769 1113 809 ε

58 861 126 918 τῶν
145 850 314 936 Ῥωμαίων
342 852 526 948 στράτευμα
553 853 598 929 ὡς
625 852 658 931 ἐξ
687 852 844 937 οὐδεμιᾶς
872 852 984 938 ἑτέρας
1006 856 1073 919 πώ·
1179 934 1181 940 Ι

58 981 138 1024 ποτε
160 960 272 1044 μάχης.
309 958 523 1044 ἁβροδίαιτον
541 959 604 1043 γάρ
624 960 665 1042 δὴ
684 947 932 1052 καλιπολυτελές
950 963 986 1025 τὸ
1006 972 1073 1026 τῶν

65 1068 248 1151 Τυρρηνῶν
280 1067 380 1140 ἔθνος
411 1058 453 1146 ἦν
486 1070 571 1129 οίκοι
604 1088 637 1129 τε
668 1063 723 1129 καλ
752 1058 806 1130 ἐπὶ
836 1063 1073 1150 στρατοπέδου,

10 1173 301 1255 ιεεπεριαγόμενόν
338 1168 399 1247 ἔξω
436 1179 503 1234 τῶν
540 1167 728 1252 ἀναγκαίων
764 1171 910 1236 πλούτου
947 1194 981 1235 τε
1018 1171 1073 1236 καὶ

60 1273 177 1361 τέχνης
203 1278 283 1362 ἔργα
313 1286 453 1340 παντοία
479 1277 563 1360 πρὸς
590 1274 713 1357 ἡδονάς
740 1275 995 1362 μεμηχανημένα
1018 1277 1114 1342 καίεο
1173 1297 1176 1304 ·

59 1382 196 1466 τινας.
645 1400 664 1409 ·ψ

31 1520 34 1525 ·
128 1487 232 1552 XVII.
270 1491 349 1564 Ταῖς
372 1486 401 1552 δ’
429 1485 502 1571 ἑξῆς
523 1485 661 1572 ἡμέραις
683 1487 895 1574 ἀπειρηκότες
917 1491 981 1573 ἤδη
1005 1501 1074 1566 τοῖς

61 1605 174 1670 κακοῖς
200 1595 235 1659 οί
256 1591 452 1659 Οὐιεντανοὶ
474 1597 553 1670 τοὺς
574 1594 818 1680 πρεσβυτάτους
840 1606 905 1660 τῶν
928 1601 1073 1661 πολιτῶν
1150 1638 1154 1646 ·

63 1702 227 1783 ἱκετηρίας
256 1699 423 1785 φέροντας,
448 1690 643 1766 ἀπέστειλαν
673 1701 718 1778 όις
747 1703 806 1766 τὸν
834 1701 962 1768 ὕπατον
990 1699 1074 1788 ὑπὲρ
1139 1729 1141 1733 ·

61 1816 118 1889 τῆς
150 1807 283 1890 είρηνης
310 1805 570 1891 διαλεξομένους.
621 1805 675 1874 καὶ
704 1809 739 1874 οί
764 1810 883 1893 ἀνδρες
910 1808 1074 1894 ἀλοφνρό-
1089 1829 1114 1870 ιε

62 1915 161 1995 μενοί
188 1936 222 1977 τε
252 1910 307 1977 καλ
335 1912 588 1996 ἀντιβολοῦντες
612 1913 669 1982 καὶ
695 1909 801 1999 τᾶλλ’,
831 1915 893 1980 ὅσα
921 1914 1074 1998 ἐπαγωγά
1105 1995 1108 2002 Ι

62 2013 105 2101 ἦν
132 2020 180 2094 είς
207 2021 317 2101 ἔλεον,
349 2020 429 2103 μετά
457 2025 591 2084 πολλῶν
619 2021 773 2104 δακρύων
801 2019 978 2097 διεξιόντες
1004 2022 1074 2083 πεί-

29 2137 32 2141 ’
62 2131 165 2190 θουσι
184 2127 242 2190 τὸν
260 2123 577 2207 ὕπατονέπιτρέψαι
597 2128 692 2208 σφίσι
710 2127 787 2201 τοὺς
804 2126 1007 2208 πρεσβευτάς
1025 2127 1074 2201 είς
1107 2113 1127 2185 ,¹

59 2228 186 2315 Ῥώμην
208 2230 399 2296 ’ἀποστεῖλαι
422 2233 499 2307 τοὺς
521 2226 604 2314 ὑπὲρ
627 2239 685 2313 τῆς
707 2230 915 2307 καταλύσεως
937 2240 997 2296 τοῦ
1015 2252 1074 2295 πο-

43 2335 167 2420 λέμου
194 2338 277 2421 πρὸς
303 2338 364 2419 τὴν
391 2337 518 2420 βουλὴν
542 2333 809 2419 διαλεξομένους,
836 2333 897 2412 ἕως
920 2332 951 2400 δ’
978 2335 1020 2401 ἀν
1043 2337 1079 2401 οί
1089 2355 1116 2396 ιο

64 2441 221 2528 πρέσβεις
248 2443 431 2527 ἀφίκωνται
463 2441 620 2527 φέροντες
651 2443 707 2519 τάς
736 2441 939 2526 ἀποκρίσεις,
971 2439 1075 2526 μηδὲν
1152 2433 1155 2441 ’

37 2579 40 2584 ·
64 2549 176 2613 αὐτῶν
198 2559 396 2633 κακουργεῖν
414 2549 475 2631 τὴν
493 2549 614 2633 χώραν.
651 2548 706 2611 ἵνα
725 2540 755 2611 δ’
774 2546 886 2623 αὐτοῖς
905 2546 1075 2645 ἐγγένηται

64 2664 167 2719 ταῦτα
199 2655 370 2737 πράττειν,
403 2657 495 2719 σῖτόν
526 2677 561 2718 τε
593 2653 811 2737 ὡμολόγησαν
842 2661 881 2738 τῇ
906 2650 1075 2738 Ῥωμαίων
1124 2661 1127 2664 ’

66 2770 203 2846 στρατιᾷ
221 2762 363 2844 διμήνου
381 2759 546 2845 παρέξειν,
564 2756 618 2824 καλ
636 2752 786 2843 χρήματα
798 2761 851 2835 είς
859 2758 1075 2843 ὀψωνιασμὸν

138 2992 153 3038 1
173 2979 204 3040 ἐν
222 2992 284 3049 ταῖς
301 2985 403 3055 μάχαις
421 2981 656 3055 ἐκπρεπεστάταις
674 2986 696 3040 Ο
717 2981 748 3040 ἐν
766 2993 800 3056 τῇ
814 2985 888 3058 μάχη
902 2991 964 3046 ταῖς
977 2980 1076 3054 ἐκπρε-

66 3055 257 3118 πεστάταιςνο.
276 3056 380 3111 Reiske
448 3052 743 3126 3έγιιαταλειφθέντα
762 3056 784 3110 Ο
804 3073 874 3111 corr.
893 3054 996 3110 Reiske
1060 3062 1074 3108 7

32 3171 35 3176 .
66 3127 141 3198 <γὰρ
159 3125 236 3200 ἤδη)
258 3127 281 3180 Β
379 3135 394 3182 9
418 3127 670 3198 ὑπεραγόμενονΟ
695 3126 908 3197 ὑπεραγάμενον
931 3137 955 3180 ο.
973 3125 1076 3179 Reiske

66 3196 271 3268 περιαγόμενον
291 3197 422 3252 Gelenius
492 3205 524 3254 16
543 3197 578 3252 τδι
597 3197 665 3251 ἀλλα
684 3199 709 3251 Α
773 3203 806 3251 18
824 3197 889 3259 τοὺς
906 3195 1077 3268 πρεσβευτάς
1171 3200 1176 3209 “

66 3268 118 3322 AB
142 3269 207 3332 τολις
230 3269 283 3324 del.
303 3269 407 3324 Reiske
497 3277 529 3324 19
553 3269 718 3323 ἀποστεῖλαι
735 3268 805 3337 πρὸς
822 3268 873 3337 τὴν
892 3266 995 3340 βουλὴν
1013 3268 1076 3321 δια-

68 3342 97 3393 λε
114 3338 269 3409 ομένουςΟ
289 3341 452 3396 ἀποστεῖλαι
470 3342 520 3394 aut
539 3337 605 3394 'ante
623 3339 688 3400 τοὺς
706 3357 731 3393 v.
747 3344 780 3392 18
800 3347 850 3392 aut
867 3341 933 3407 post
950 3338 1077 3404 διαλεξο-
1158 3371 1160 3375 -

103 3429 170 3473 νους
187 3410 348 3480 ponendum
368 3424 426 3466 esee
445 3428 469 3466 ο.
488 3410 610 3479 Sylburg
681 3413 716 3463 23
735 3408 943 3479 ὡμολογήοαντι
960 3408 1006 3462 Ba

1078 3590 1132 3616 A
