2424 3848
132 167 198 232 110
554 173 716 221 -Ζ-

130 347 231 413 μισαυ
259 325 345 396 εἶναι
372 332 432 396 τὸν
459 330 525 397 ὑπὸ
547 341 607 399 τοῦ
637 337 722 397 θεοῦ
745 335 956 416 μηνυόμενον
980 331 1152 418 ὀρχηστὴν

130 436 171 502 οὐ
194 439 306 502 καλόν.

195 543 293 608 LXX.
326 541 416 608 Ἐπεὶ
448 541 485 609 δέ
517 544 599 610 κατὰ
630 554 728 610 τοῦτο
756 543 879 628 γέγονα
910 552 967 628 τῆς
999 545 1152 628 ἱστορίας

128 651 165 715 τὸ
193 647 307 734 μέρος,
338 651 399 716 οὐκ
422 656 533 736 οῖομαι
556 652 629 716 δεῖν
651 652 692 716 τά
714 649 791 738 περὶ
813 652 874 735 τὴν
897 648 1017 736 ἑορτὴν
1040 650 1151 718 ἐπιτε-

102 756 275 840 ολοόμενα
293 754 349 822 ὑπ’
371 756 481 824 αὐτῶν
498 762 691 844 παρελθεῖν,
714 757 776 844 οὐχ
799 758 855 823 ἵνα
875 781 932 842 μοι
950 744 1150 845 χαριεστέρα

127 860 261 946 γένηται
283 866 476 948 προσθήκας
499 868 648 949 λαβοῦσα
668 865 846 951 θεατρικὰς
863 861 918 929 καὶ
941 868 1064 948 λόγους
1086 863 1149 931 ἀν-

126 967 331 1054 θηροτέρους
357 970 377 1053 ῆ
408 971 574 1055 διήγησις,
606 967 678 1036 ἀλλ’
710 972 767 1035 ’ίνα
798 981 865 1036 τών
893 969 1085 1054 ἀναγκαίων
1112 996 1149 1037 τι

125 1077 328 1161 πιστώσηται
349 1077 563 1162 πραγμάτων,
585 1076 636 1141 ότι
659 1076 699 1141 τά
722 1079 958 1143 συνοικίσαντα
977 1079 1063 1160 ἐθνη
1081 1079 1148 1162 τὴν

121 1180 290 1268 Ῥωμαίων
317 1186 416 1249 πόλιν
438 1179 614 1268 Ἑλληνικά
645 1178 689 1267 ῆν
716 1182 751 1249 ἐκ
778 1194 845 1249 τῶν
873 1183 1149 1268 ἐπιφανεστάτων

86 1309 112 1349 10
126 1288 364 1356 ἀποικισθέντα
386 1293 514 1373 τόπων,
544 1287 616 1355 ἀλλ’
643 1289 704 1375 οὐχ
727 1290 838 1377 ώσπερ
861 1292 945 1356 ἔνιοι
968 1291 1147 1374 νομίζουσι

91 1397 278 1482 2βάρβαρα
299 1394 356 1462 καὶ
378 1394 525 1462 ἀνέστια·
548 1396 741 1482 ὑπεσχόμην
760 1397 823 1483 γάρ
842 1393 895 1461 ἐπὶ
913 1405 959 1485 τῷ
980 1394 1069 1462 τέλει
1087 1407 1149 1482 τῆς

125 1505 255 1588 πρώτης
277 1513 422 1588 γραφῆς,
449 1503 491 1585 ἣν
518 1500 594 1587 περὶ
621 1513 682 1568 τοῦ
705 1500 824 1586 γένους
846 1503 958 1568 αὐτῶν
980 1502 1147 1582 συνταξά-

125 1633 225 1693 μενος
261 1608 421 1693 ἐξέδωκα,
457 1612 589 1696 μυρίοις
624 1609 821 1693 βεβαιώσειν
856 1612 1045 1694 τεκμηρίοις
1081 1612 1211 1696 τῆν1481

123 1717 304 1800 πρόθεσιν,
336 1719 398 1799 ἐθη
430 1714 485 1781 καλ
515 1718 639 1800 νόμιμα
665 1713 722 1780 καὶ
748 1714 989 1799 ἐπιτηδεύματα
1016 1718 1145 1782 παλαιά

84 1839 110 1881 15
123 1824 346 1906 παρεχόμενος
369 1822 491 1907 αὐτῶν,
514 1822 535 1888 ἃ
558 1821 653 1908 μέχρι
675 1832 736 1888 τοῦ
758 1819 828 1888 κατ’
855 1818 911 1906 ἐμὲ
933 1821 1145 1907 φυλάττουσι

123 1931 259 2014 χρόνου,
282 1921 336 1994 οἷα
358 1930 447 2014 παρά
469 1941 537 1994 τῶν
559 1931 737 2011 προγόνων
760 1927 924 2007 ἐδέξαντο·
953 1928 1015 2014 οὐχ
1038 1928 1145 2013 ἡγού-

123 2057 222 2118 μενος
240 2033 388 2119 ἀποχρῆν
407 2045 475 2110 τοῖς
494 2032 725 2120 ἀναγράφουσι
743 2035 800 2111 τάς
819 2033 955 2120 ἀρχαίας
972 2032 1029 2099 καλ
1048 2057 1145 2102 τοπι-

122 2141 182 2216 κὰς
197 2141 352 2226 ίστοριάς,
371 2141 416 2217 ὡς
428 2140 516 2227 παρά
534 2151 602 2205 τῶν
620 2139 804 2226 ἐπιχωρίων
823 2139 924 2217 αὐτάς
937 2139 1145 2227 παρέλαβον,

123 2245 319 2325 ἀξιοπίστως
338 2248 498 2331 διελθεῖν,
521 2244 679 2312 ἀλλὰκαὶ
697 2258 888 2331 μαρτυριῶν
906 2249 1061 2331 οἰόμενος
1081 2249 1144 2314 αὐ-

84 2380 111 2420 ιο
124 2364 195 2429 ταῖς
209 2354 281 2418 δεῖν
295 2358 428 2418 πολλῶν
442 2351 498 2419 καὶ
512 2351 790 2438 δυσαντιλέκτων,
808 2355 840 2418 εί
852 2351 1010 2437 μέλλουσι
1024 2354 1143 2421 πισταί

88 2462 344 2544 3φανῆσεσθαι.
395 2459 432 2525 ἐν
469 2452 520 2537 αἷς
551 2471 664 2544 πρώτα
697 2457 751 2524 καὶ
782 2461 967 2544 κυριώτατα
1003 2460 1144 2526 πάντων

123 2561 209 2631 εἶναι
232 2569 392 2649 πείθομαι
418 2565 459 2630 τά
487 2568 646 2649 γινόμενα
672 2561 750 2630 καθ’
779 2562 919 2649 ἑκάστην
940 2566 1042 2630 πόλιν
1064 2565 1144 2652 περὶ

121 2679 213 2738 θεῶν
231 2673 287 2737 καί
305 2672 476 2755 δαιμόνων
489 2675 648 2757 πατρίους
661 2671 856 2755 σεβασμούς.
886 2680 988 2736 ταῦτα
1005 2671 1071 2756 γάρ
1086 2670 1144 2738 ἐπὶ

124 2782 284 2864 μήκιστον
306 2780 430 2864 χρόνον
453 2778 510 2842 διά
532 2783 682 2863 φυλακῆς
704 2780 770 2863 ε”χει
788 2772 905 2853 Ἑλλάς
926 2799 961 2840 τε
984 2774 1041 2841 καὶ
1058 2778 1144 2864 βάρ-

81 2911 107 2952 ει
122 2890 224 2971 βαρος
245 2886 348 2972 χώρα,
370 2882 426 2949 καὶ
449 2880 554 2949 οὐθὲν
572 2883 662 2962 ἀξιοῖ
676 2893 887 2968 καινοτομεῖν
905 2885 952 2959 είς
970 2881 1055 2948 αὐτά
1073 2885 1142 2953 ὑπὸ

87 2995 277 3076 4δείματος
302 2990 508 3076 κρατουμένη
537 2992 730 3075 μηνιμάτων
757 2992 950 3073 δαιμονίων.
996 2991 1144 3073 μάλιστα

122 3095 159 3164 δέ
181 3109 279 3165 τοῦτο
303 3100 512 3163 πεπόνθασιν
540 3097 575 3163 οί
599 3097 761 3182 βάρβαροι
789 3097 845 3161 διὰ
873 3096 998 3173 πολλὰς
1021 3099 1142 3183 αἰτίας,

192 3287 435 3356 8συνοικήσαντα
456 3288 500 3342 Bb
568 3295 603 3343 20
622 3289 683 3343 δεῖν
702 3289 797 3350 αὐτοῖς
811 3286 954 3356 Kiessling
1019 3295 1054 3343 22
1073 3291 1144 3354 τοὺς

121 3359 286 3431 γινομένους
303 3360 329 3413 Α
400 3368 434 3415 23
452 3361 572 3429 πατρίου
591 3359 768 3431 σεβασμοῦΒ
841 3365 875 3414 26
890 3357 1067 3430 κρατουμένη
1083 3361 1141 3419 del.

122 3431 210 3487 Cobet
229 3431 295 3485 Obs.
315 3451 342 3499 p.
358 3436 410 3484 150
527 3474 536 3487 .
