2378 3840
94 175 160 242 136
518 180 686 230 -Η-

94 341 176 426 τύχη
199 349 269 417 τοῖς
291 337 524 424 ἀδικουμένοις
546 338 619 406 οὐδ’
642 338 684 406 ἀν
708 337 909 406 ἐλπισθέντα
931 343 1116 427 παρεσκεύ-

94 462 186 529 ασεν,
207 444 243 511 ἐν
262 438 288 533 ᾧ
308 446 518 525 στασιάζουσι
535 444 591 512 καὶ
608 445 856 512 ὑποπτεύουσιν
873 446 1040 531 ἀλλήλους
1058 446 1117 513 καὶ

93 553 259 637 ἡγεμόνας
281 553 416 636 ἔχουσιν
438 551 597 638 ἀπείρους
618 551 775 637 πολέμου.
817 553 838 619 ἀ
861 550 923 638 μέν
945 548 1010 620 οὖν
1030 553 1116 620 ὑπο-

93 661 252 725 τίθεσθαι
274 659 343 723 ἐάει
366 661 478 741 λόγοις
495 656 551 724 καὶ
568 671 744 744 παραινεῖν
761 663 883 745 φίλοις,
906 661 987 745 μετὰ
1005 660 1116 744 πάσης

66 765 227 842 εεύνοίας
253 762 308 829 καὶ
335 768 475 841 πίστεως
502 762 657 851 εἰρημένα
685 763 742 831 ὑπ’
768 765 866 852 ἐμοῦ,
892 762 983 832 ταῦτ’
1012 765 1115 851 ἐστίν,

94 871 115 937 ἀ
143 868 181 936 δέ
206 867 283 956 παρ’
314 868 397 936 αὐτά
424 872 464 935 τά
487 873 568 957 ἔργα
591 868 743 937 ένάστοτε
765 876 981 959 προορᾶσθαί
999 896 1033 939 τε
1057 871 1115 938 καὶ

95 984 307 1062 μηχανᾶσθαι
339 980 448 1062 δεήσει
455 1026 465 1061 ,
496 990 566 1055 τοϊς
591 978 731 1063 ἡγεμόσι
757 987 816 1063 τής
842 979 1017 1064 δυνάμεως
1044 979 1116 1046 ἐπι·
1152 971 1155 976 ’

59 1090 79 1153 6
94 1083 233 1170 τρέψατε
257 1087 476 1151 διανοεῖσθαι.
511 1087 691 1170 πρόθυμον
710 1087 773 1172 γάρ
791 1084 847 1151 καλ
865 1087 991 1172 τούμὸν
1010 1089 1187 1172 §mmm

95 1190 133 1257 ἐν
163 1185 189 1280 ᾧ
219 1193 262 1258 ἀν
291 1215 331 1276 με
360 1192 494 1275 τάττητε
524 1193 614 1279 τόπῳ
621 1239 631 1275 ,
662 1190 717 1256 καί
745 1193 944 1278 πειράσομαι
971 1194 1117 1277 μηδενὸς

40 1320 82 1359 ,ιο
95 1294 181 1365 εἶναι
204 1302 326 1383 χείρων
348 1301 428 1382 μήτε
452 1300 654 1383 στρατιώτου
677 1299 756 1382 μήτε
775 1303 920 1384 λοχαγοῦ
938 1300 1020 1384 μήτε
1038 1299 1118 1382 ήγε-

95 1407 210 1490 μόνος·
234 1403 318 1470 ἀλλά
341 1402 554 1491 καταχρῆσθέ
574 1428 631 1489 μοι
650 1405 817 1489 λαβόντες,
841 1405 925 1471 ὅπου
943 1404 985 1470 ἀν
1004 1403 1117 1490 μέλλω

94 1534 126 1575 τι
149 1512 234 1595 ὑμᾶς
258 1510 459 1595 ὠφελήσειν,
481 1508 536 1575 καὶ
559 1505 597 1575 εὖ
622 1516 689 1576 ἴστε
714 1510 781 1595 ότι,
803 1513 836 1576 εί
855 1516 1010 1596 πολεμῶν
1032 1511 1118 1596 ὑμῖν

95 1618 221 1701 μεγάλα
249 1617 408 1700 βλάπτειν
437 1617 579 1692 δυνατὸς
601 1611 659 1700 ήν,
689 1615 744 1682 καὶ
767 1620 831 1683 σὺν
853 1618 934 1703 ὑμῖν
958 1617 1119 1701 ἀγωνιζό-

95 1745 194 1807 μενος
216 1721 342 1806 μεγάλα
365 1722 551 1805 δυνήσομαι
575 1723 726 1807 ὠφελεῖν.

55 1848 81 1888 ιε
162 1827 269 1892 VIIII.
302 1831 445 1893 Τοιαῦτα
468 1824 529 1912 μέν
553 1829 571 1895 ὁ
595 1829 749 1915 Μάρκιος
772 1825 872 1896 εἶπεν.
910 1830 946 1897 oc
966 1827 1003 1896 ἀὲ
1028 1832 1118 1898 Οὐο-

96 1939 233 2000 λοῦσκοι
260 1932 415 2018 λέγοντός
441 1958 475 2011 τε
503 1944 564 2001 τοῦ
589 1934 713 2021 ἀνδρὸς
735 1938 783 2001 ἔτι
807 1938 903 2020 ἀήλοι
926 1932 1012 2020 ήσαν
1035 1937 1119 2021 ἀγοί»

97 2066 191 2128 μενοι
218 2045 297 2118 τοὺς
324 2044 461 2124 λόγους,
488 2039 543 2106 καὶ
572 2041 685 2124 ἐπειδή
714 2041 879 2109 ἐπαύσατο
903 2043 1028 2130 μεγάλη
1051 2049 1118 2130 βοή

95 2149 215 2225 πάντες
242 2147 451 2232 ἐπεσήμηναν
479 2148 523 2225 ὡς
549 2150 589 2213 τά
612 2149 769 2234 κράτιστα
791 2147 988 2239 ὑποθεμένῳ
1012 2153 1119 2233 λόγον
1181 2188 1184 2193 ·

96 2252 126 2320 τ’
151 2251 269 2320 οὐθενὶ
291 2252 473 2341 προθέντες
497 2254 690 2341 ἐπικυροῦσι
708 2255 769 2337 τήν
788 2257 934 2341 γνώμην.
971 2255 1119 2342 γραφέν-

56 2383 84 2422 νο
97 2384 154 2437 τος
184 2357 222 2427 ἀὲ
250 2369 311 2426 τοῦ
342 2362 504 2445 δόγματος
532 2361 637 2438 εὐθὺς
664 2360 697 2440 έξ
726 2359 862 2445 ἑκάστης
888 2365 1016 2439 πόλεως
1038 2366 1119 2441 τοὺς

98 2467 379 2553 ἐπιφανεστάτους
408 2468 534 2553 ἀνδρας
564 2465 716 2551 ἑλόμενοι
745 2469 949 2554 πρεσβευτὰς
977 2470 1025 2546 είς
1053 2471 1118 2554 τήν

92 2574 218 2659 Ῥώμην
241 2572 449 2639 ἀπέστειλαν·
473 2583 519 2662 τῷ
544 2570 581 2639 δέ
604 2577 748 2664 Μαρκίῳ
770 2577 970 2659 ψηφίζονται
991 2578 1119 2661 βουλῆς

98 2706 133 2748 τε
156 2685 334 2766 μετουσίαν
358 2680 395 2745 ἐν
417 2678 527 2769 ἀπάση
544 2683 640 2747 πόλει
659 2679 715 2746 καὶ
734 2680 835 2768 ἀρχὰς
853 2679 975 2759 ἐξεῖναι
993 2702 1118 2748 ποντα,

99 2792 176 2875 χόσε
195 2785 341 2874 μετιέναι
359 2783 414 2852 καὶ
433 2798 499 2851 τῶν
518 2789 642 2872 ἀλλων,
661 2787 768 2854 ὁπόσα
785 2789 963 2873 τιμιώτατα
976 2783 1020 2872 ήυ
1034 2788 1113 2874 παρ’

57 2867 85 2981 ,Ξ
98 2895 222 2978 αὐτοῖς,
245 2890 400 2979 μετέχειν.
436 2891 491 2958 καὶ
514 2891 594 2980 πρὶν
616 2892 637 2977 ή
660 2895 720 2970 τάς
736 2892 906 2979 Ῥωμαίων
927 2893 1187 2981 ἀποκρίσειςλινε

172 3083 227 3139 6“
213 3105 264 3140 ενα
245 3103 316 3140 αοτοι
338 3085 364 3139 Α
438 3085 552 3140 ‘linter
575 3080 692 3155 ἐπιτρέψ
694 3104 742 3139 ατε
766 3088 867 3140 εάθια
848 3105 928 3141 νοε
920 3090 1000 3141 σθαι
1019 3087 1119 3143 deesse

98 3156 236 3211 nonnulla
254 3155 358 3211 Reiske
377 3157 473 3210 censet
560 3162 588 3209 11
591 3175 717 3243 ιατοιχρ
718 3159 808 3248 ήσθοιι
827 3157 879 3210 ΑΒ
964 3163 997 3213 18
1017 3153 1120 3229 ἐπεση-

99 3226 266 3315 μήναντοο.
287 3226 417 3295 Reiske!
442 3223 597 3296 θ’πομτιθε
584 3247 636 3299 ενῳ
615 3177 717 3280 ωΒορ
724 3226 879 3298 ἀμ’ποτιθε
866 3248 931 3282 ενου
950 3227 1064 3284 ΑΒλιῦ
1047 3250 1120 3285 υποι

98 3296 354 3370 θεμενφωΒουάΙοτ
371 3296 460 3352 Tiroc.
480 3297 541 3351 crit
557 3315 584 3367 p
600 3303 634 3352 54
648 3299 725 3350 recte
739 3297 774 3351 cf.
789 3249 938 3366 V11172,4
995 3307 1030 3356 19
1048 3320 1119 3372 προ-

97 3365 200 3493 φΙεΙνχες
214 3366 259 3420 Βιι
277 3366 420 3438 προσθέντ
406 3387 450 3431 τες
463 3369 540 3424 ABb
556 3373 560 3437 Ι
578 3366 618 3422 ἔτι
609 3387 719 3437 ιυκυρο
702 3376 803 3424 ῦ.σινο
818 3369 881 3424 sint
869 3369 943 3424 tonis
957 3371 1019 3426 Em.
1033 3371 1118 3428 Dion.
