2424 3848
99 144 162 208 140
398 232 400 236 Ι
518 147 686 196 -11-

61 309 81 372 3
97 307 276 389 ἀναλαβεῖν
299 305 401 384 αὑτὰς
419 307 588 371 δύνασθαι
605 309 683 383 τοὺς
701 305 938 392 ἀποβαλόντας.
973 306 1116 392 μάλιστα

97 410 135 478 δὲ
157 411 246 478 τοῦτ’
268 415 412 498 ἔπασχον
434 412 472 477 αί
491 423 560 478 τῶν
583 415 737 498 δημοτῶν
759 414 905 498 κτήσεις,
927 414 967 478 αί
986 409 1026 477 δέ
1048 423 1117 479 τῶν

96 522 278 606 πατρικίων
301 522 435 604 ἔμειναν
458 518 596 598 ιἰσινεῖς·
620 522 652 585 εί
674 518 714 586 δέ
733 543 822 597 τινες
844 518 1047 605 ἐβλάβησαν,
1070 521 1118 597 είς

97 627 293 713 ἀνδράποδα
310 624 366 691 καὶ
384 629 575 712 βοσκήματα
593 625 713 705 ἔδοξαν
731 629 905 712 βλαβῆναι.
936 635 1037 692 τοῦτο
1051 627 1117 712 γδρ

70 734 162 801 εὑπὸ
185 743 246 798 τοῦ
263 735 421 819 Μαρκίου
443 731 688 819 παρηγγέλλετο
711 745 781 810 τοῖς
800 732 1039 817 Οὐολούσκοις,
1061 733 1120 798 ἵνα

99 838 143 905 δι’
165 840 310 918 ὑποψίας
333 840 381 904 έτι
404 844 531 924 μᾶλλον
553 840 589 905 οί
608 843 775 926 πατρίκιοι
797 837 950 923 γένοιντο
968 850 1041 917 τοῖς
1058 841 1163 924 δη-Ῑῖε

99 958 246 1031 μοτικοῖς
275 943 330 1011 καὶ
357 946 401 1030 μή
431 944 616 1032 ἐξαιρεθείη
644 948 681 1011 τὸ
710 946 885 1025 στασιάζον
904 945 944 1011 ’έκ
972 955 1034 1031 τής
1058 949 1121 1012 πό-

63 1064 85 1127 4
100 1057 194 1136 λεως,
212 1053 292 1138 ὅπερ
310 1051 366 1118 καί
385 1051 518 1137 συνέβη.
551 1053 596 1130 ῶς
613 1053 676 1135 γὰρ
695 1050 844 1137 ἠγγέλθη
863 1062 934 1129 τοῖς
946 1049 1121 1137 Ῥωμαίοις

98 1159 119 1243 ή
142 1161 333 1245 καταδρομὴ
357 1167 414 1243 τής
437 1161 557 1244 χώρας,
578 1157 634 1224 καί
657 1162 808 1242 ἔγνωσαν
832 1159 894 1225 οὑκ
917 1156 950 1236 ἐξ
971 1164 1048 1224 ίσου
1067 1182 1121 1243 γε-

59 1292 86 1333 ω
99 1278 241 1350 γονυῖαν
260 1267 362 1331 ἅπασι
380 1266 441 1348 τήν
461 1262 660 1349 συμφοράν,“
667 1269 836 1350 κατεβόων
855 1261 917 1350 μὲν
933 1275 1003 1331 τῶν
1016 1270 1121 1332 πλου-

100 1376 183 1438 σίων
213 1373 249 1437 οί
274 1370 412 1456 πένητες
440 1371 485 1448 ὡς
514 1370 707 1455 έπαγόντων
737 1376 833 1456 σφίσι
862 1373 922 1438 τὸν
949 1372 1122 1458 Μάρκιον,

101 1479 326 1562 ἀπελογοῦντο
355 1476 384 1543 δ’
414 1478 449 1543 οί
468 1480 635 1560 πατρίκιοι
657 1475 711 1543 καὶ
735 1482 939 1563 κακουργίαν
961 1479 1039 1544 τινὰ
1061 1486 1121 1545 τοῦ

101 1595 288 1670 στρατηγοῦ
314 1585 437 1667 ταύτην
462 1582 656 1669 ἀπέφαινον.
701 1589 844 1669 βοηθεῖν
866 1581 904 1650 δὲ
925 1595 997 1661 τοῖς
1021 1584 1121 1651 ἀπολ-

101 1690 257 1775 λυμένοις
274 1691 295 1774 ή
315 1692 431 1768 σώζειν
449 1692 489 1755 τδι
507 1694 664 1776 περιόντα
683 1687 725 1755 δι’
745 1692 893 1770 ὑποψίαν
910 1687 942 1755 τ’
963 1689 1121 1775 ἀλλήλων

62 1794 156 1864 τεκαὶ
185 1794 259 1873 δέος
286 1798 467 1881 προδοσίας
495 1794 610 1874 οὐθεὶς
635 1796 744 1881 ήξίου·
777 1799 861 1862 ὥστε
886 1797 969 1863 κατὰ
992 1798 1122 1882 πολλήν

102 1904 219 1968 όίδειαν
242 1904 259 1970 ὁ
278 1902 433 1989 Μάρκιος
457 1902 562 1986 όπήγε
584 1904 646 1986 τήν
669 1904 826 1990 στρατιὰν
848 1900 905 1968 καὶ
921 1900 1123 1989 κατέστησεν

102 2010 248 2086 ἅπαντας
280 2008 334 2075 ἐπὶ
366 2011 406 2074 τὰ
438 2011 542 2076 οίκεῖα
573 2012 744 2085 παθόντας
773 2005 835 2093 μέν
864 2005 965 2074 οὐδὲν
996 2012 1124 2096 δεινόν,

105 2116 291 2202 δροίσαντας
319 2112 348 2180 δ’
379 2115 441 2180 όσα
468 2113 601 2199 ήξίουν,
631 2113 686 2179 καί
712 2119 846 2180 πολλῶν
873 2114 1140 2201 εὐπορήσαντας

68 2223 289 2308 5χρημοίτων.
333 2217 391 2305 ήκε
422 2217 459 2286 δέ
487 2219 542 2286 καί
570 2221 588 2287 ὁ
620 2222 747 2309 Τύλλος
773 2220 888 2303 ὀλίγον
914 2220 1060 2307 ὕστερον
1088 2223 1128 2289 έκ

64 2354 89 2394 εο
102 2337 160 2411 τής
179 2331 335 2393 Λατίνων
352 2329 462 2414 χώρας
479 2328 604 2403 πολλὰς
622 2325 827 2411 ἐπαγόμενος
845 2327 1019 2412 ὠφελείας·
1043 2326 1129 2395 οὐδὲ

102 2435 166 2519 γὰρ
194 2432 261 2498 ἐκεῖ
286 2434 431 2518 δύναμιν
456 2435 555 2517 ἔσχον
580 2433 680 2516 ὁμόσε
708 2443 829 2518 χωρεῖν
855 2443 925 2510 τοῖς
951 2439 1125 2520 πολεμίοις

105 2542 355 2627 [μαχησόμενοι]
385 2539 614 2625 ἀπαράσκευοί
637 2536 665 2604 τ’
695 2541 789 2615 όντες
814 2537 870 2604 καί
896 2538 976 2626 παρ’
1005 2539 1123 2608 έλιιίδα

103 2657 165 2713 τοῦ
198 2650 312 2712 δεινοῦ
345 2650 461 2731 σφίσιν
490 2645 708 2724 ἐπιπεσόντος.
755 2643 791 2710 ἐκ
821 2641 858 2710 δέ
884 2646 1007 2712 τούτου
1034 2657 1123 2714 πᾶσα

104 2758 200 2831 πόλις
230 2753 350 2839 έπήρτο
380 2764 451 2829 ταῖς
480 2751 605 2838 έλπίσι,
637 2750 692 2818 καὶ
720 2758 847 2817 θᾶττον
876 2751 897 2837 ή
927 2752 972 2830 ὡς
1001 2754 1044 2819 όίν
1074 2773 1163 2833 τιςιιι

65 2887 91 2927 ει
105 2858 271 2945 ὑπέλαβεν
289 2860 310 2943 ή
329 2883 363 2924 τε
382 2861 575 2945 καταγραφή
594 2871 661 2924 τῶν
680 2868 889 2944 στρατιωτῶν
907 2857 1047 2944 ἐγίνετο,
1071 2860 1125 2928 καὶ

105 2963 209 3034 τᾶλλα
231 2966 440 3052 ὑπηρετεῖτο,
464 2965 553 3030 ὅσων
576 2975 646 3042 τοῖς
668 2974 864 3050 στρατηγοῖς
886 2966 963 3030 ἔδει.

179 3130 192 3178 1
214 3122 312 3195 αὑτὰς]
333 3122 405 3177 αὑτὰ
424 3121 546 3191 Sylburg
609 3119 832 3192 όπαρηγγέλετο
850 3121 930 3176 ΑΒΟ
949 3121 1128 3194 παρήγγελτο

106 3198 131 3249 R
203 3201 219 3248 6
237 3193 403 3264 *γένωνται
422 3196 451 3247 ελ
474 3200 489 3247 ’ί
513 3188 674 3262 ἐξαιρεθείη
695 3192 717 3246 0
737 3191 863 3263 γένοιντο
888 3209 955 3263 ego,
984 3189 1127 3268 ἐξαιρεθῇ

105 3265 250 3335 Kiessling
324 3272 355 3321 19
375 3265 501 3338 όλίγῳΑ
573 3271 607 3319 20
625 3263 729 3326 πολλὰς
748 3281 801 3319 om.
820 3264 867 3317 Ba
886 3265 952 3320 add.
970 3265 1019 3319 Bb
1040 3284 1075 3321 ευ
1096 3283 1130 3323 ra

105 3337 155 3393 lin.
227 3342 260 3390 21
286 3331 386 3391 έκεῖΟ
406 3331 510 3390 ἐκεῖνοι
527 3333 671 3404 Kiessling
742 3340 776 3388 22
795 3335 986 3406 μαχησόμενοι
1005 3352 1063 3394 om.
1112 3356 1132 3397 ο,

106 3409 171 3466 add.
190 3408 237 3462 Bb
258 3424 343 3476 supra
360 3407 410 3462 lin.
429 3407 484 3462 del.
503 3406 594 3462 Cobet
613 3404 678 3463 obs.
698 3424 725 3476 p.
747 3410 796 3460 157

139 3612 229 3648 A
