2424 3848
512 211 678 261 -H-
1035 207 1101 271 247

87 367 125 435 ἐκ
147 377 206 452 τῆς
227 370 385 451 πατρίδος
408 367 492 452 ἀνὴρ
513 378 733 454 στρατηγῆσαι
751 368 916 455 πολέμους
937 381 1005 436 τῶν
1028 373 1102 436 τότε

87 477 279 552 δεινότατος
306 475 403 558 ὅμοια
431 476 537 560 δράση
561 479 704 564 Μαρκίῳ
726 477 766 542 τά
788 501 822 543 τε
846 480 941 560 φίλια
965 478 1101 562 διαβάλ-

87 587 159 647 λων
188 579 243 646 καὶ
269 583 310 646 τά
338 581 443 667 ἐχθρά
474 583 630 659 συνιστὰς
658 580 713 648 καί
746 587 892 668 πόλεμον
923 585 1101 650 ἄσπειστον

86 687 238 775 έπαγάγη
265 697 303 773 τη
331 689 473 775 πατρίδι.
526 697 624 753 τοῦτο
652 691 689 754 τὸ
717 688 810 767 τέλος
838 699 896 774 της
923 692 1017 775 δίκης
1044 696 1101 756 λα-

85 795 213 880 βούσης
235 793 415 876 ἀγαγόντες
437 794 473 860 οί
492 798 605 877 ταμίαι
627 797 686 861 τὸν
709 796 815 881 άνδρα
842 793 896 860 ἐπὶ
919 798 978 862 τὸν
1000 797 1102 883 ὑπερ·
1128 817 1142 858 ε

85 905 242 986 κείμενον
260 908 318 984 τῆς
336 900 459 983 ἀγορᾶς
481 903 641 985 κρημνόν,
665 899 819 966 ἁπάντων
838 901 995 987 δρώντων
1014 904 1102 989 ἔρρι-

12 1020 157 1088 Ῑῖοοψαν
175 1009 257 1074 κατά
277 1016 334 1091 τῆς
352 1004 478 1093 πέτρας.
516 1007 597 1091 αὕτη
617 1008 680 1090 γάρ
698 1001 741 1091 ἦν
759 1018 827 1084 τοῖς
844 1010 917 1073 τότε
929 1005 1102 1093 Ῥωμαίοις

86 1114 264 1200 ἐπιχώριος
286 1124 352 1178 τῶν
376 1110 429 1178 έπί
452 1113 588 1203 θανάτῳ
612 1112 762 1179 ἀλέντων
784 1113 804 1197 η
827 1117 970 1191 κόλασις.

155 1219 356 1285 LXXVIIII.
396 1217 432 1282 ‘0
462 1216 524 1303 μέν
552 1214 614 1285 οὖν
642 1221 870 1307 πιθανώτερος
900 1232 967 1286 των
998 1241 1102 1308 παρα-

87 1325 281 1411 δεδομένων
303 1323 386 1413 ὑπὲρ
408 1337 470 1393 τοῦ
492 1325 615 1412 ἀνδρὸς
636 1329 748 1409 λόγων
765 1328 897 1393 τοιόσδε
920 1326 1025 1392 έστίν·
1049 1329 1104 1393 δεῖ
1117 1349 1142 1390 ιο

87 1429 128 1499 δὲ
145 1430 201 1498 καὶ
219 1435 279 1499 τὸν
292 1429 397 1517 ησσον
411 1436 570 1517 πιθανόν,
590 1432 703 1517 ἐπειδὴ
721 1432 872 1510 κάκεῖνος
890 1436 1102 1500 πεπίστευται

85 1540 155 1606 ὑπὸ
182 1545 316 1606 πολλῶν
343 1538 399 1605 καί
426 1539 463 1606 έν
493 1551 635 1625 γραφαῖς
661 1538 843 1626 ἀξιοχρέοις
874 1538 1024 1627 φέρεται,
1056 1542 1101 1626 μη

85 1651 281 1732 παρελθεῖν.
326 1644 454 1730 λέγεται
478 1648 520 1730 δη’
543 1663 641 1730 τισιν,
664 1646 710 1723 ὡς
732 1644 858 1729 ἀδήλου
879 1655 980 1712 πᾶσιν
1000 1647 1103 1732 οὔσης

87 1756 138 1820 ἔτι
160 1762 218 1837 της
239 1750 295 1818 ὑπ’
318 1752 422 1818 αὐτοῦ
440 1750 722 1837 συσκευαζομένης
739 1754 950 1839 τυραννίδος,
972 1763 1103 1841 πρῶτος

85 1859 298 1936 ὑποπτεύσας
325 1860 343 1925 ὁ
370 1860 477 1945 πατὴρ
507 1869 567 1925 τοῦ
590 1862 742 1925 Κασσίου
769 1857 824 1925 καὶ
852 1861 908 1926 διά
931 1869 989 1944 τῆς
1011 1860 1103 1946 ἀκρι-
1116 1881 1143 1923 ιε

86 1965 247 2051 βεστάτης
273 1965 422 2050 βασάνου
449 1968 488 2031 τὸ
516 1974 650 2051 πρᾶγμα
677 1964 829 2044 ἐξετάσας
855 1962 935 2050 ἧκεν
962 1964 1014 2033 ἐπὶ
1041 1969 1103 2050 την

86 2075 229 2160 βουλήν·
258 2074 367 2136 ἔπειτα
394 2072 551 2148 κελεύσας
581 2070 695 2137 ἐλθεῖν
717 2075 776 2137 τὸν
800 2073 877 2137 υίὸν
899 2074 1045 2157 μηνυτής
1067 2095 1101 2137 τε

86 2177 144 2244 καὶ
164 2179 349 2264 κατήγορος
371 2177 474 2243 αὐτοῦ
492 2175 640 2259 έγένετο·
663 2179 891 2262 καταγνούσης
914 2174 951 2243 δὲ
969 2174 1024 2242 καί
1045 2187 1104 2262 τῆς

85 2289 213 2370 βουλῇς
240 2283 374 2367 ἀγαγὼν
403 2284 507 2350 αὐτὸν
535 2286 582 2361 είς
609 2286 672 2369 τὴν
699 2286 807 2350 οίκίαν
838 2281 1018 2349 ἀπέκτεινε.
1063 2287 1138 2350 τὸ2

88 2389 150 2476 μέν
183 2385 246 2458 οὖν
277 2393 398 2476 πικρὸν
428 2388 485 2455 καλ
515 2390 738 2477 ἀπαραίτητον
767 2399 824 2474 τῆς
852 2400 920 2456 τῶν
949 2388 1102 2476 πατέρων
1116 2410 1142 2450 ιο

87 2499 191 2586 ἀργῆς
219 2501 266 2574 είς
292 2497 387 2574 υίοὺς
416 2495 614 2575 ἀδικοῦντας
641 2494 697 2563 καὶ
720 2493 848 2582 μάλιστ’
876 2495 914 2562 έν
935 2507 1007 2573 τοῖς
1028 2500 1102 2562 τότε

91 2607 255 2689 Ρωμαίοις
277 2600 357 2669 οὐδὲ
379 2603 502 2686 ταύτην
526 2602 709 2669 ἀπωθεῖται
731 2603 794 2685 τὴν
820 2604 1002 2688 πρόφασιν·
1031 2600 1101 2666 εἰτελ

87 2708 143 2777 καί
170 2712 333 2797 πρότερον
359 2714 508 2795 Βροῦτος
535 2710 554 2776 δ
580 2712 658 2786 τοὺς
688 2713 836 2793 βασιλεῖς
865 2707 1015 2792 ἐκβαλὼν
1042 2707 1103 2792 ἀμ-

10 2816 251 2904 ιῖοῖφοτέρους
272 2819 352 2894 τοὺς
372 2817 470 2893 υίοὺς
492 2816 665 2882 ἐδικαίωσε
687 2816 770 2881 κατὰ
792 2817 852 2881 τὸν
872 2825 939 2880 τῶν
961 2814 1103 2901 κακούρ-

87 2948 159 3008 γων
182 2926 287 3008 νόμον
310 2922 506 3006 ἀποθανεῖν,
528 2921 583 2988 καὶ
606 2920 756 2987 πελέκεσι
778 2924 856 2998 τοὺς
878 2919 1019 3005 αὐχένας
1042 2921 1102 2987 ἀπ·
1116 2935 1143 2977 25

83 3088 86 3096 Ι
161 3114 299 3184 2δράσαι
318 3131 341 3170 ο.
359 3113 504 3182 Kiessling
537 3117 541 3182 1
575 3113 718 3186 διαβαλὼν
738 3112 760 3167 0
779 3129 848 3168 corr.
874 3111 996 3182 Sylburg
1086 3119 1101 3167 3

88 3186 246 3241 άπιστονΑ
300 3181 441 3255 λέπαγάγ
474 3188 499 3238 A
517 3180 654 3256 έπάγοιΒ
705 3180 1012 3253 9παραδιδομένωνΒ
1069 3190 1101 3239 17

88 3253 186 3312 ἐλθεῖν
205 3255 228 3312 Ο
248 3252 375 3324 ἐξελθεῖν
394 3273 417 3310 ο.
437 3205 601 3311 ἀορίλουλοτ
622 3254 766 3325 Kiessling
845 3261 877 3309 21
899 3251 939 3316 είς
956 3255 1021 3318 τοῖς
1039 3255 1103 3309 ἀδι-

87 3337 210 3390 κοῦντας
229 3327 251 3382 0
271 3327 311 3390 είς
329 3329 500 3390 ἀδικοῦντας
517 3327 568 3398 τὴν
587 3326 670 3381 πάλιν
688 3323 767 3388 υίοδς
781 3343 804 3379 c.
820 3324 942 3394 Sylburg
965 3323 1006 3388 είς
1023 3323 1103 3389 υίοὺς

87 3401 259 3462 ἀδικοῦντας
277 3416 300 3454 ο,
316 3398 440 3454 Sintenis
459 3399 520 3454 Em.
538 3399 620 3454 Dion.
639 3397 679 3452 III
695 3403 727 3452 17
782 3403 816 3451 22
836 3397 982 3464 ἀπόφασιν
1001 3413 1025 3452 ο.
1041 3396 1102 3451 Sin-

87 3471 163 3527 tenis
181 3469 234 3526 1.1.
