<?xml version="1.0" encoding="UTF-8"?>
<!DOCTYPE html PUBLIC "-//W3C//DTD XHTML 1.0 Transitional//EN"
    "http://www.w3.org/TR/xhtml1/DTD/xhtml1-transitional.dtd">
<html xmlns="http://www.w3.org/1999/xhtml" xml:lang="en" lang="en">
 <head>
  <title>
</title>
<meta http-equiv="Content-Type" content="text/html;charset=utf-8" />
  <meta name='ocr-system' content='tesseract 3.04.00' />
  <meta name='ocr-capabilities' content='ocr_page ocr_carea ocr_par ocr_line ocrx_word'/>
</head>
<body>
  <div class='ocr_page' id='page_1' title='image "./dionysihalicarn04diongoog_0401.png"; bbox 0 0 2424 3848; ppageno 0'>
   <div class='ocr_carea' id='block_1_1' title="bbox 118 157 708 224">
    <p class='ocr_par' dir='ltr' id='par_1_1' title="bbox 118 157 708 224">
     <span class='ocr_line' id='line_1_1' title="bbox 118 157 708 224; baseline -0.003 0"><span class='ocrx_word' id='word_1_1' title='bbox 118 158 184 224; x_wconf 85' lang='lat'><em>384</em></span> <span class='ocrx_word' id='word_1_2' title='bbox 539 157 708 210; x_wconf 86' lang='grc' dir='ltr'><em>-Θ-</em></span> 
     </span>
    </p>
   </div>
   <div class='ocr_carea' id='block_1_2' title="bbox 40 313 1187 3170">
    <p class='ocr_par' dir='ltr' id='par_1_2' title="bbox 40 313 1187 3170">
     <span class='ocr_line' id='line_1_2' title="bbox 119 313 1132 406; baseline -0.004 -19"><span class='ocrx_word' id='word_1_3' title='bbox 119 321 223 387; x_wconf 86' lang='grc' dir='ltr'><em>αὐτοῦ</em></span> <span class='ocrx_word' id='word_1_4' title='bbox 245 322 307 405; x_wconf 79' lang='grc' dir='ltr'><em>τὴν</em></span> <span class='ocrx_word' id='word_1_5' title='bbox 331 318 526 406; x_wconf 70' lang='grc' dir='ltr'><em>ἐπιγραφήν.</em></span> <span class='ocrx_word' id='word_1_6' title='bbox 563 319 644 384; x_wconf 89' lang='grc' dir='ltr'><em>άλλο</em></span> <span class='ocrx_word' id='word_1_7' title='bbox 668 315 697 383; x_wconf 87' lang='grc' dir='ltr'><em>δ’</em></span> <span class='ocrx_word' id='word_1_8' title='bbox 719 313 820 384; x_wconf 76' lang='grc' dir='ltr'><em>οὐδὲν</em></span> <span class='ocrx_word' id='word_1_9' title='bbox 839 314 892 383; x_wconf 79' lang='grc' dir='ltr'><em>ἐπὶ</em></span> <span class='ocrx_word' id='word_1_10' title='bbox 910 328 978 384; x_wconf 89' lang='grc' dir='ltr'><em>τῶν</em></span> <span class='ocrx_word' id='word_1_11' title='bbox 996 316 1132 384; x_wconf 88' lang='grc' dir='ltr'><em>ὑπάτων</em></span> 
     </span>
     <span class='ocr_line' id='line_1_3' title="bbox 119 423 676 511; baseline -0.007 -19"><span class='ocrx_word' id='word_1_12' title='bbox 119 428 247 493; x_wconf 87' lang='grc' dir='ltr'><em>τούτων</em></span> <span class='ocrx_word' id='word_1_13' title='bbox 271 429 374 510; x_wconf 85' lang='grc' dir='ltr'><em>λόγου</em></span> <span class='ocrx_word' id='word_1_14' title='bbox 398 424 492 503; x_wconf 82' lang='grc' dir='ltr'><em>ἀξιον</em></span> <span class='ocrx_word' id='word_1_15' title='bbox 516 423 676 511; x_wconf 78' lang='grc' dir='ltr'><strong><em>ἐπράχθη.</em></strong></span> 
     </span>
     <span class='ocr_line' id='line_1_4' title="bbox 186 527 1133 615; baseline -0.001 -19"><span class='ocrx_word' id='word_1_16' title='bbox 186 531 270 596; x_wconf 72' lang='lat' dir='ltr'><em>LXL</em></span> <span class='ocrx_word' id='word_1_17' title='bbox 303 528 376 596; x_wconf 64' lang='grc' dir='ltr'><em>Ἠιί</em></span> <span class='ocrx_word' id='word_1_18' title='bbox 404 527 441 597; x_wconf 69' lang='grc' dir='ltr'><em>δὲ</em></span> <span class='ocrx_word' id='word_1_19' title='bbox 469 540 526 615; x_wconf 78' lang='grc' dir='ltr'><em>τῆς</em></span> <span class='ocrx_word' id='word_1_20' title='bbox 548 529 664 615; x_wconf 83' lang='grc' dir='ltr'><em>ἐνάτης</em></span> <span class='ocrx_word' id='word_1_21' title='bbox 685 527 740 596; x_wconf 82' lang='grc' dir='ltr'><em>καὶ</em></span> <span class='ocrx_word' id='word_1_22' title='bbox 764 527 1009 615; x_wconf 75' lang='grc' dir='ltr'><em>ἑβδομηκοστῆς</em></span> <span class='ocrx_word' id='word_1_23' title='bbox 1026 530 1133 615; x_wconf 83' lang='grc' dir='ltr'><em>ὀλυμ-</em></span> 
     </span>
     <span class='ocr_line' id='line_1_5' title="bbox 121 634 1134 723; baseline -0.001 -20"><span class='ocrx_word' id='word_1_24' title='bbox 121 637 255 722; x_wconf 92' lang='grc' dir='ltr'><em>πιάδος,</em></span> <span class='ocrx_word' id='word_1_25' title='bbox 283 637 326 722; x_wconf 76' lang='grc' dir='ltr'><em>ἣν</em></span> <span class='ocrx_word' id='word_1_26' title='bbox 350 636 442 703; x_wconf 78' lang='grc' dir='ltr'><em>ἐνίκα</em></span> <span class='ocrx_word' id='word_1_27' title='bbox 465 637 625 723; x_wconf 74' lang='grc' dir='ltr'><em>Ξενοφῶν</em></span> <span class='ocrx_word' id='word_1_28' title='bbox 648 640 833 722; x_wconf 77' lang='grc' dir='ltr'><em>Κορίνθιος</em></span> <span class='ocrx_word' id='word_1_29' title='bbox 856 638 1016 723; x_wconf 86' lang='grc' dir='ltr'><em>ἀρχοντος</em></span> <span class='ocrx_word' id='word_1_30' title='bbox 1035 634 1134 719; x_wconf 78' lang='grc' dir='ltr'><em>Ἀθή-</em></span> 
     </span>
     <span class='ocr_line' id='line_1_6' title="bbox 86 739 1134 831; baseline -0.007 -16"><span class='ocrx_word' id='word_1_31' title='bbox 86 771 108 816; x_wconf 80' lang='grc' dir='ltr'><em>,ο</em></span> <span class='ocrx_word' id='word_1_32' title='bbox 121 761 220 829; x_wconf 90' lang='grc' dir='ltr'><em>νησιν</em></span> <span class='ocrx_word' id='word_1_33' title='bbox 253 739 508 831; x_wconf 75' lang='grc' dir='ltr'><em>Ἀρχεδημίδου,</em></span> <span class='ocrx_word' id='word_1_34' title='bbox 544 743 842 830; x_wconf 78' lang='grc' dir='ltr'><em>παραλαμβάνουσι</em></span> <span class='ocrx_word' id='word_1_35' title='bbox 878 745 940 827; x_wconf 80' lang='grc' dir='ltr'><em>τὴν</em></span> <span class='ocrx_word' id='word_1_36' title='bbox 976 743 1134 809; x_wconf 79' lang='grc' dir='ltr'><em>ὑπατείαν</em></span> 
     </span>
     <span class='ocr_line' id='line_1_7' title="bbox 127 847 1185 934; baseline -0.002 -19"><span class='ocrx_word' id='word_1_37' title='bbox 127 853 223 928; x_wconf 85' lang='grc' dir='ltr'><em>Τίτος</em></span> <span class='ocrx_word' id='word_1_38' title='bbox 246 853 402 927; x_wconf 86' lang='grc' dir='ltr'><em>Κοίντιος</em></span> <span class='ocrx_word' id='word_1_39' title='bbox 424 853 656 927; x_wconf 79' lang='grc' dir='ltr'><em>Καπιτωλῖνος</em></span> <span class='ocrx_word' id='word_1_40' title='bbox 678 847 733 915; x_wconf 85' lang='grc' dir='ltr'><em>καὶ</em></span> <span class='ocrx_word' id='word_1_41' title='bbox 756 852 898 926; x_wconf 85' lang='grc' dir='ltr'><em>Κόιντος</em></span> <span class='ocrx_word' id='word_1_42' title='bbox 923 849 1050 934; x_wconf 91' lang='grc' dir='ltr'><em>Φάβιος</em></span> <span class='ocrx_word' id='word_1_43' title='bbox 1070 848 1185 915; x_wconf 78' lang='grc' dir='ltr'>οὐ-191</span> 
     </span>
     <span class='ocr_line' id='line_1_8' title="bbox 123 950 1136 1042; baseline -0.001 -20"><span class='ocrx_word' id='word_1_44' title='bbox 123 960 312 1041; x_wconf 87' lang='grc' dir='ltr'><em>ιβουλανός·</em></span> <span class='ocrx_word' id='word_1_45' title='bbox 337 960 492 1034; x_wconf 88' lang='grc' dir='ltr'><em>Κοίντιος</em></span> <span class='ocrx_word' id='word_1_46' title='bbox 515 952 575 1040; x_wconf 71' lang='grc' dir='ltr'><em>μὲν</em></span> <span class='ocrx_word' id='word_1_47' title='bbox 593 950 631 1021; x_wconf 77' lang='grc' dir='ltr'><em>τὸ</em></span> <span class='ocrx_word' id='word_1_48' title='bbox 650 958 763 1042; x_wconf 87' lang='grc' dir='ltr'><em>τρίτον</em></span> <span class='ocrx_word' id='word_1_49' title='bbox 781 953 834 1021; x_wconf 78' lang='grc' dir='ltr'><em>ἐπὶ</em></span> <span class='ocrx_word' id='word_1_50' title='bbox 851 957 913 1039; x_wconf 81' lang='grc' dir='ltr'><em>την</em></span> <span class='ocrx_word' id='word_1_51' title='bbox 932 954 1039 1042; x_wconf 79' lang='grc' dir='ltr'><em>ἀρχὴν</em></span> <span class='ocrx_word' id='word_1_52' title='bbox 1057 954 1136 1021; x_wconf 93' lang='grc' dir='ltr'><em>ἀπο-</em></span> 
     </span>
     <span class='ocr_line' id='line_1_9' title="bbox 123 1053 1137 1149; baseline 0.001 -22"><span class='ocrx_word' id='word_1_53' title='bbox 123 1060 269 1149; x_wconf 80' lang='grc' dir='ltr'><em>δειχθεὶς</em></span> <span class='ocrx_word' id='word_1_54' title='bbox 290 1063 355 1128; x_wconf 83' lang='grc' dir='ltr'><em>ὑπὸ</em></span> <span class='ocrx_word' id='word_1_55' title='bbox 378 1071 439 1129; x_wconf 82' lang='grc' dir='ltr'><em>τοῦ</em></span> <span class='ocrx_word' id='word_1_56' title='bbox 462 1062 581 1146; x_wconf 79' lang='grc' dir='ltr'><em>δήμου,</em></span> <span class='ocrx_word' id='word_1_57' title='bbox 605 1061 732 1145; x_wconf 92' lang='grc' dir='ltr'><em>Φάβιος</em></span> <span class='ocrx_word' id='word_1_58' title='bbox 755 1057 792 1126; x_wconf 73' lang='grc' dir='ltr'><em>δὲ</em></span> <span class='ocrx_word' id='word_1_59' title='bbox 813 1063 851 1128; x_wconf 88' lang='grc' dir='ltr'><em>τὸ</em></span> <span class='ocrx_word' id='word_1_60' title='bbox 875 1061 1042 1147; x_wconf 80' lang='grc' dir='ltr'><em>δεύτερον.</em></span> <span class='ocrx_word' id='word_1_61' title='bbox 1087 1053 1137 1139; x_wconf 80' lang='grc' dir='ltr'><em>οἷς</em></span> 
     </span>
     <span class='ocr_line' id='line_1_10' title="bbox 122 1162 1137 1256; baseline -0.003 -21"><span class='ocrx_word' id='word_1_62' title='bbox 122 1169 143 1253; x_wconf 80' lang='grc' dir='ltr'><em>ἡ</em></span> <span class='ocrx_word' id='word_1_63' title='bbox 176 1170 281 1254; x_wconf 79' lang='grc' dir='ltr'><em>βουλὴ</em></span> <span class='ocrx_word' id='word_1_64' title='bbox 314 1165 513 1256; x_wconf 80' lang='grc' dir='ltr'><em>ἀμφοτέροις</em></span> <span class='ocrx_word' id='word_1_65' title='bbox 545 1168 698 1254; x_wconf 84' lang='grc' dir='ltr'><em>στρατιάς</em></span> <span class='ocrx_word' id='word_1_66' title='bbox 729 1167 872 1252; x_wconf 79' lang='grc' dir='ltr'><em>μεγάλας</em></span> <span class='ocrx_word' id='word_1_67' title='bbox 903 1164 957 1233; x_wconf 82' lang='grc' dir='ltr'><em>καί</em></span> <span class='ocrx_word' id='word_1_68' title='bbox 987 1162 1026 1233; x_wconf 85' lang='grc' dir='ltr'><em>εὖ</em></span> <span class='ocrx_word' id='word_1_69' title='bbox 1055 1190 1137 1252; x_wconf 91' lang='grc' dir='ltr'><em>παρ-</em></span> 
     </span>
     <span class='ocr_line' id='line_1_11' title="bbox 84 1263 1137 1378; baseline -0.001 -36"><span class='ocrx_word' id='word_1_70' title='bbox 84 1263 365 1378; x_wconf 54' lang='grc' dir='ltr'><em>1Ξεσκευασμένας</em></span> <span class='ocrx_word' id='word_1_71' title='bbox 386 1275 583 1361; x_wconf 84' lang='grc' dir='ltr'><em>παραδοῦσα</em></span> <span class='ocrx_word' id='word_1_72' title='bbox 606 1271 773 1358; x_wconf 73' lang='grc' dir='ltr'><em>ἐξέπεμψε.</em></span> <span class='ocrx_word' id='word_1_73' title='bbox 810 1274 967 1350; x_wconf 89' lang='grc' dir='ltr'><em>Κοίντιος</em></span> <span class='ocrx_word' id='word_1_74' title='bbox 989 1269 1051 1357; x_wconf 75' lang='grc' dir='ltr'><em>μὲν</em></span> <span class='ocrx_word' id='word_1_75' title='bbox 1074 1269 1137 1341; x_wconf 84' lang='grc' dir='ltr'><em>οὖν</em></span> 
     </span>
     <span class='ocr_line' id='line_1_12' title="bbox 124 1378 1138 1467; baseline -0.003 -19"><span class='ocrx_word' id='word_1_76' title='bbox 124 1382 247 1467; x_wconf 80' lang='grc' dir='ltr'><em>ἐτάχθη</em></span> <span class='ocrx_word' id='word_1_77' title='bbox 275 1381 454 1467; x_wconf 86' lang='grc' dir='ltr'><em>φυλάττειν</em></span> <span class='ocrx_word' id='word_1_78' title='bbox 481 1382 542 1464; x_wconf 80' lang='grc' dir='ltr'><em>τὴν</em></span> <span class='ocrx_word' id='word_1_79' title='bbox 570 1378 731 1467; x_wconf 82' lang='grc' dir='ltr'><em>σφετέραν</em></span> <span class='ocrx_word' id='word_1_80' title='bbox 759 1388 838 1464; x_wconf 77' lang='grc' dir='ltr'><em>γῆν,</em></span> <span class='ocrx_word' id='word_1_81' title='bbox 867 1380 927 1464; x_wconf 86' lang='grc' dir='ltr'><em>ὅση</em></span> <span class='ocrx_word' id='word_1_82' title='bbox 950 1391 1020 1457; x_wconf 90' lang='grc' dir='ltr'><em>τοῖς</em></span> <span class='ocrx_word' id='word_1_83' title='bbox 1041 1385 1138 1446; x_wconf 84' lang='grc' dir='ltr'><em>πολε-</em></span> 
     </span>
     <span class='ocr_line' id='line_1_13' title="bbox 123 1483 1138 1574; baseline -0.002 -20"><span class='ocrx_word' id='word_1_84' title='bbox 123 1492 213 1573; x_wconf 90' lang='grc' dir='ltr'><em>μίοις</em></span> <span class='ocrx_word' id='word_1_85' title='bbox 236 1488 357 1574; x_wconf 82' lang='grc' dir='ltr'><em>ὅμορος</em></span> <span class='ocrx_word' id='word_1_86' title='bbox 378 1483 433 1572; x_wconf 78' lang='grc' dir='ltr'><em>ἦν,</em></span> <span class='ocrx_word' id='word_1_87' title='bbox 457 1488 584 1571; x_wconf 90' lang='grc' dir='ltr'><em>Φάβιος</em></span> <span class='ocrx_word' id='word_1_88' title='bbox 608 1483 729 1570; x_wconf 75' lang='grc' dir='ltr'><em>δὲτὴν</em></span> <span class='ocrx_word' id='word_1_89' title='bbox 751 1489 909 1552; x_wconf 75' lang='grc' dir='ltr'><em>Αἰκανῶν</em></span> <span class='ocrx_word' id='word_1_90' title='bbox 934 1488 1052 1572; x_wconf 83' lang='grc' dir='ltr'><em>δηοῶν·</em></span> <span class='ocrx_word' id='word_1_91' title='bbox 1082 1486 1138 1552; x_wconf 84' lang='grc' dir='ltr'><em>καὶ</em></span> 
     </span>
     <span class='ocr_line' id='line_1_14' title="bbox 123 1591 1138 1678; baseline 0 -18"><span class='ocrx_word' id='word_1_92' title='bbox 123 1594 367 1678; x_wconf 84' lang='grc' dir='ltr'><em>καταλαμβάνει</em></span> <span class='ocrx_word' id='word_1_93' title='bbox 394 1595 472 1669; x_wconf 84' lang='grc' dir='ltr'><em>τοὺς</em></span> <span class='ocrx_word' id='word_1_94' title='bbox 493 1595 664 1669; x_wconf 78' lang='grc' dir='ltr'><em>Αἰκανοὺς</em></span> <span class='ocrx_word' id='word_1_95' title='bbox 691 1591 744 1658; x_wconf 79' lang='grc' dir='ltr'><em>ἐπὶ</em></span> <span class='ocrx_word' id='word_1_96' title='bbox 770 1603 839 1669; x_wconf 91' lang='grc' dir='ltr'><em>τοῖς</em></span> <span class='ocrx_word' id='word_1_97' title='bbox 864 1595 1036 1678; x_wconf 78' lang='grc' dir='ltr'><em>μεθορίοις</em></span> <span class='ocrx_word' id='word_1_98' title='bbox 1058 1593 1138 1660; x_wconf 85' lang='grc' dir='ltr'><em>ὑπο-</em></span> 
     </span>
     <span class='ocr_line' id='line_1_15' title="bbox 40 1697 1139 1787; baseline -0.001 -23"><span class='ocrx_word' id='word_1_99' title='bbox 40 1741 41 1744; x_wconf 59' lang='lat'><em>=</em></span> <span class='ocrx_word' id='word_1_100' title='bbox 125 1698 285 1785; x_wconf 82' lang='grc' dir='ltr'><em>μένοντας</em></span> <span class='ocrx_word' id='word_1_101' title='bbox 312 1698 414 1787; x_wconf 85' lang='grc' dir='ltr'><em>αὐτὸν</em></span> <span class='ocrx_word' id='word_1_102' title='bbox 443 1700 506 1764; x_wconf 86' lang='grc' dir='ltr'><em>σὺν</em></span> <span class='ocrx_word' id='word_1_103' title='bbox 535 1699 675 1783; x_wconf 87' lang='grc' dir='ltr'><em>δυνάμει</em></span> <span class='ocrx_word' id='word_1_104' title='bbox 701 1704 817 1783; x_wconf 78' lang='grc' dir='ltr'><em>πολλῇ.</em></span> <span class='ocrx_word' id='word_1_105' title='bbox 862 1697 917 1764; x_wconf 84' lang='grc' dir='ltr'><em>καὶ</em></span> <span class='ocrx_word' id='word_1_106' title='bbox 945 1697 1058 1785; x_wconf 79' lang='grc' dir='ltr'><em>ἐπειδὴ</em></span> <span class='ocrx_word' id='word_1_107' title='bbox 1081 1700 1139 1777; x_wconf 85' lang='grc' dir='ltr'><em>τάς</em></span> 
     </span>
     <span class='ocr_line' id='line_1_16' title="bbox 86 1802 1140 1892; baseline -0.001 -21"><span class='ocrx_word' id='word_1_108' title='bbox 86 1831 111 1872; x_wconf 82' lang='lat'><em>15</em></span> <span class='ocrx_word' id='word_1_109' title='bbox 124 1805 334 1891; x_wconf 85' lang='grc' dir='ltr'><em>παρεμβολάς</em></span> <span class='ocrx_word' id='word_1_110' title='bbox 361 1803 398 1870; x_wconf 83' lang='grc' dir='ltr'><em>ἐν</em></span> <span class='ocrx_word' id='word_1_111' title='bbox 420 1815 489 1880; x_wconf 85' lang='grc' dir='ltr'><em>τοῖς</em></span> <span class='ocrx_word' id='word_1_112' title='bbox 512 1808 698 1891; x_wconf 90' lang='grc' dir='ltr'><em>κρατίστοις</em></span> <span class='ocrx_word' id='word_1_113' title='bbox 721 1802 868 1892; x_wconf 82' lang='grc' dir='ltr'><em>ἑκάτεροι</em></span> <span class='ocrx_word' id='word_1_114' title='bbox 890 1806 1025 1891; x_wconf 84' lang='grc' dir='ltr'><em>χωρίοις</em></span> <span class='ocrx_word' id='word_1_115' title='bbox 1047 1828 1140 1870; x_wconf 87' lang='grc' dir='ltr'><em>κατε-</em></span> 
     </span>
     <span class='ocr_line' id='line_1_17' title="bbox 126 1907 1139 1998; baseline 0 -22"><span class='ocrx_word' id='word_1_116' title='bbox 126 1913 299 1995; x_wconf 82' lang='grc' dir='ltr'><em>στήσαντο,</em></span> <span class='ocrx_word' id='word_1_117' title='bbox 317 1907 486 1997; x_wconf 77' lang='grc' dir='ltr'><em>προῄεσαν</em></span> <span class='ocrx_word' id='word_1_118' title='bbox 504 1912 552 1987; x_wconf 92' lang='grc' dir='ltr'><em>είς</em></span> <span class='ocrx_word' id='word_1_119' title='bbox 568 1913 606 1976; x_wconf 86' lang='grc' dir='ltr'><em>τὸ</em></span> <span class='ocrx_word' id='word_1_120' title='bbox 625 1912 742 1977; x_wconf 90' lang='grc' dir='ltr'><em>πεδίον</em></span> <span class='ocrx_word' id='word_1_121' title='bbox 761 1913 917 1977; x_wconf 80' lang='grc' dir='ltr'><em>Αἰκανῶν</em></span> <span class='ocrx_word' id='word_1_122' title='bbox 936 1916 1139 1998; x_wconf 86' lang='grc' dir='ltr'><em>προκαλεσα-</em></span> 
     </span>
     <span class='ocr_line' id='line_1_18' title="bbox 125 2013 1138 2103; baseline 0.001 -20"><span class='ocrx_word' id='word_1_123' title='bbox 125 2016 235 2103; x_wconf 80' lang='grc' dir='ltr'><em>μένων</em></span> <span class='ocrx_word' id='word_1_124' title='bbox 253 2014 308 2083; x_wconf 63' lang='lat' dir='ltr'><em>aaz</em></span> <span class='ocrx_word' id='word_1_125' title='bbox 327 2015 497 2101; x_wconf 84' lang='grc' dir='ltr'><em>ἀρξάντων</em></span> <span class='ocrx_word' id='word_1_126' title='bbox 515 2024 573 2101; x_wconf 82' lang='grc' dir='ltr'><em>τῆς</em></span> <span class='ocrx_word' id='word_1_127' title='bbox 590 2017 706 2103; x_wconf 90' lang='grc' dir='ltr'><em>μάχης,</em></span> <span class='ocrx_word' id='word_1_128' title='bbox 723 2013 779 2081; x_wconf 82' lang='grc' dir='ltr'><em>καί</em></span> <span class='ocrx_word' id='word_1_129' title='bbox 799 2013 967 2100; x_wconf 75' lang='grc' dir='ltr'><em>διέμειναν</em></span> <span class='ocrx_word' id='word_1_130' title='bbox 983 2014 1036 2082; x_wconf 80' lang='grc' dir='ltr'><em>ἐπὶ</em></span> <span class='ocrx_word' id='word_1_131' title='bbox 1052 2020 1138 2084; x_wconf 88' lang='grc' dir='ltr'><em>πολὺ</em></span> 
     </span>
     <span class='ocr_line' id='line_1_19' title="bbox 125 2121 1140 2211; baseline -0.002 -20"><span class='ocrx_word' id='word_1_132' title='bbox 125 2133 182 2209; x_wconf 79' lang='grc' dir='ltr'><em>τῆς</em></span> <span class='ocrx_word' id='word_1_133' title='bbox 204 2122 327 2211; x_wconf 74' lang='grc' dir='ltr'><em>ἡμέρας</em></span> <span class='ocrx_word' id='word_1_134' title='bbox 350 2121 503 2207; x_wconf 75' lang='grc' dir='ltr'><em>ἐκδάμως</em></span> <span class='ocrx_word' id='word_1_135' title='bbox 524 2121 580 2188; x_wconf 84' lang='grc' dir='ltr'><em>καὶ</em></span> <span class='ocrx_word' id='word_1_136' title='bbox 603 2125 793 2208; x_wconf 85' lang='grc' dir='ltr'><em>φιλοπόνως</em></span> <span class='ocrx_word' id='word_1_137' title='bbox 814 2122 1062 2207; x_wconf 79' lang='grc' dir='ltr'><em>ἀγωνιζόμενοι,</em></span> <span class='ocrx_word' id='word_1_138' title='bbox 1084 2123 1140 2189; x_wconf 84' lang='grc' dir='ltr'><em>καὶ</em></span> 
     </span>
     <span class='ocr_line' id='line_1_20' title="bbox 126 2225 1141 2316; baseline -0.002 -19"><span class='ocrx_word' id='word_1_139' title='bbox 126 2234 163 2297; x_wconf 88' lang='grc' dir='ltr'><em>τὸ</em></span> <span class='ocrx_word' id='word_1_140' title='bbox 191 2239 288 2297; x_wconf 85' lang='grc' dir='ltr'><em>νικᾶν</em></span> <span class='ocrx_word' id='word_1_141' title='bbox 316 2229 357 2297; x_wconf 90' lang='grc' dir='ltr'><em>οὐ</em></span> <span class='ocrx_word' id='word_1_142' title='bbox 383 2227 461 2316; x_wconf 89' lang='grc' dir='ltr'><em>παρ’</em></span> <span class='ocrx_word' id='word_1_143' title='bbox 487 2231 590 2295; x_wconf 87' lang='grc' dir='ltr'><em>ἀλλον</em></span> <span class='ocrx_word' id='word_1_144' title='bbox 617 2229 690 2294; x_wconf 85' lang='grc' dir='ltr'><em>τινά</em></span> <span class='ocrx_word' id='word_1_145' title='bbox 715 2227 735 2311; x_wconf 74' lang='grc' dir='ltr'>ἢ</span> <span class='ocrx_word' id='word_1_146' title='bbox 759 2225 834 2315; x_wconf 87' lang='grc' dir='ltr'><em>παρ’</em></span> <span class='ocrx_word' id='word_1_147' title='bbox 864 2226 983 2294; x_wconf 85' lang='grc' dir='ltr'><em>ἑαυτὸν</em></span> <span class='ocrx_word' id='word_1_148' title='bbox 1006 2227 1141 2306; x_wconf 81' lang='grc' dir='ltr'><em>ἕκαστος</em></span> 
     </span>
     <span class='ocr_line' id='line_1_21' title="bbox 87 2324 1140 2438; baseline -0.002 -37"><span class='ocrx_word' id='word_1_149' title='bbox 87 2324 309 2438; x_wconf 46' lang='grc' dir='ltr'><em>ἐκθέμενος.</em></span> <span class='ocrx_word' id='word_1_150' title='bbox 354 2336 399 2414; x_wconf 81' lang='grc' dir='ltr'><em>ὡς</em></span> <span class='ocrx_word' id='word_1_151' title='bbox 429 2332 466 2401; x_wconf 72' lang='grc' dir='ltr'><em>δὲ</em></span> <span class='ocrx_word' id='word_1_152' title='bbox 494 2337 534 2401; x_wconf 89' lang='grc' dir='ltr'><em>τά</em></span> <span class='ocrx_word' id='word_1_153' title='bbox 565 2334 641 2420; x_wconf 85' lang='grc' dir='ltr'><em>ξίφη</em></span> <span class='ocrx_word' id='word_1_154' title='bbox 672 2346 741 2413; x_wconf 86' lang='grc' dir='ltr'><em>τοῖς</em></span> <span class='ocrx_word' id='word_1_155' title='bbox 767 2339 918 2401; x_wconf 92' lang='grc' dir='ltr'><em>πλείοσιν</em></span> <span class='ocrx_word' id='word_1_156' title='bbox 945 2335 1057 2400; x_wconf 88' lang='grc' dir='ltr'><em>αὐτῶν</em></span> <span class='ocrx_word' id='word_1_157' title='bbox 1084 2336 1140 2399; x_wconf 90' lang='grc' dir='ltr'><em>διδι</em></span> 
     </span>
     <span class='ocr_line' id='line_1_22' title="bbox 127 2439 1141 2529; baseline 0 -22"><span class='ocrx_word' id='word_1_158' title='bbox 127 2443 186 2520; x_wconf 87' lang='grc' dir='ltr'><em>τάς</em></span> <span class='ocrx_word' id='word_1_159' title='bbox 218 2453 367 2526; x_wconf 80' lang='grc' dir='ltr'><em>συνεχεῖς</em></span> <span class='ocrx_word' id='word_1_160' title='bbox 396 2442 524 2526; x_wconf 86' lang='grc' dir='ltr'><em>πληγάς</em></span> <span class='ocrx_word' id='word_1_161' title='bbox 551 2443 697 2529; x_wconf 82' lang='grc' dir='ltr'><em>ἀχρηστα</em></span> <span class='ocrx_word' id='word_1_162' title='bbox 725 2439 887 2526; x_wconf 81' lang='grc' dir='ltr'><em>ἐγεγόνει,</em></span> <span class='ocrx_word' id='word_1_163' title='bbox 921 2441 1141 2526; x_wconf 90' lang='grc' dir='ltr'><em>σημηνάντων</em></span> 
     </span>
     <span class='ocr_line' id='line_1_23' title="bbox 128 2546 1142 2635; baseline -0.002 -20"><span class='ocrx_word' id='word_1_164' title='bbox 128 2551 165 2615; x_wconf 87' lang='grc' dir='ltr'><em>τὸ</em></span> <span class='ocrx_word' id='word_1_165' title='bbox 194 2548 413 2632; x_wconf 89' lang='grc' dir='ltr'><em>ἀνακλητικὸν</em></span> <span class='ocrx_word' id='word_1_166' title='bbox 440 2559 509 2614; x_wconf 88' lang='grc' dir='ltr'><em>τῶν</em></span> <span class='ocrx_word' id='word_1_167' title='bbox 530 2548 705 2633; x_wconf 77' lang='grc' dir='ltr'><em>ἡγεμόνων</em></span> <span class='ocrx_word' id='word_1_168' title='bbox 729 2547 883 2632; x_wconf 79' lang='grc' dir='ltr'><em>ἀπῆλθον</em></span> <span class='ocrx_word' id='word_1_169' title='bbox 907 2546 960 2614; x_wconf 79' lang='grc' dir='ltr'><em>ἐπὶ</em></span> <span class='ocrx_word' id='word_1_170' title='bbox 983 2552 1063 2626; x_wconf 89' lang='grc' dir='ltr'><em>τοὺς</em></span> <span class='ocrx_word' id='word_1_171' title='bbox 1084 2549 1142 2635; x_wconf 93' lang='grc' dir='ltr'><em>χά-</em></span> 
     </span>
     <span class='ocr_line' id='line_1_24' title="bbox 128 2651 1187 2750; baseline -0.001 -30"><span class='ocrx_word' id='word_1_172' title='bbox 128 2679 237 2740; x_wconf 88' lang='grc' dir='ltr'><em>ρακας.</em></span> <span class='ocrx_word' id='word_1_173' title='bbox 282 2652 337 2720; x_wconf 85' lang='grc' dir='ltr'><em>καὶ</em></span> <span class='ocrx_word' id='word_1_174' title='bbox 364 2656 456 2750; x_wconf 36' lang='grc' dir='ltr'><em>μετά.</em></span> <span class='ocrx_word' id='word_1_175' title='bbox 471 2664 569 2736; x_wconf 78' lang='grc' dir='ltr'><em>τοῦτο</em></span> <span class='ocrx_word' id='word_1_176' title='bbox 597 2657 634 2720; x_wconf 89' lang='grc' dir='ltr'><em>τὸ</em></span> <span class='ocrx_word' id='word_1_177' title='bbox 659 2656 757 2741; x_wconf 80' lang='grc' dir='ltr'><em>ἔργον</em></span> <span class='ocrx_word' id='word_1_178' title='bbox 781 2653 871 2738; x_wconf 85' lang='grc' dir='ltr'><em>ἀγὼν</em></span> <span class='ocrx_word' id='word_1_179' title='bbox 894 2651 956 2739; x_wconf 74' lang='grc' dir='ltr'><em>μὲν</em></span> <span class='ocrx_word' id='word_1_180' title='bbox 979 2654 1016 2721; x_wconf 79' lang='grc' dir='ltr'><em>ἐκ</em></span> <span class='ocrx_word' id='word_1_181' title='bbox 1038 2669 1187 2742; x_wconf 79' lang='grc' dir='ltr'><em>παρα-191</em></span> 
     </span>
     <span class='ocr_line' id='line_1_25' title="bbox 126 2757 1143 2848; baseline 0.001 -21"><span class='ocrx_word' id='word_1_182' title='bbox 126 2761 247 2840; x_wconf 84' lang='grc' dir='ltr'><em>τάξεως</em></span> <span class='ocrx_word' id='word_1_183' title='bbox 275 2757 380 2826; x_wconf 83' lang='grc' dir='ltr'><em>οὐκέτ’</em></span> <span class='ocrx_word' id='word_1_184' title='bbox 408 2761 518 2827; x_wconf 79' lang='grc' dir='ltr'><em>αὐτῶν</em></span> <span class='ocrx_word' id='word_1_185' title='bbox 547 2757 692 2846; x_wconf 79' lang='grc' dir='ltr'><em>ἐγένετο,</em></span> <span class='ocrx_word' id='word_1_186' title='bbox 724 2758 962 2848; x_wconf 83' lang='grc' dir='ltr'><em>ἀκροβολισμοὶ</em></span> <span class='ocrx_word' id='word_1_187' title='bbox 990 2758 1031 2826; x_wconf 80' lang='grc' dir='ltr'><em>δι’</em></span> <span class='ocrx_word' id='word_1_188' title='bbox 1055 2785 1143 2840; x_wconf 87' lang='grc' dir='ltr'><em>τινες</em></span> 
     </span>
     <span class='ocr_line' id='line_1_26' title="bbox 90 2864 1144 2954; baseline 0 -21"><span class='ocrx_word' id='word_1_189' title='bbox 90 2892 116 2934; x_wconf 80' lang='grc' dir='ltr'><em>ιι</em></span> <span class='ocrx_word' id='word_1_190' title='bbox 129 2866 185 2933; x_wconf 81' lang='grc' dir='ltr'><em>καί</em></span> <span class='ocrx_word' id='word_1_191' title='bbox 215 2865 401 2951; x_wconf 84' lang='grc' dir='ltr'><em>συμπλοκαὶ</em></span> <span class='ocrx_word' id='word_1_192' title='bbox 429 2871 538 2946; x_wconf 76' lang='grc' dir='ltr'><em>φιλῶν</em></span> <span class='ocrx_word' id='word_1_193' title='bbox 567 2871 646 2954; x_wconf 87' lang='grc' dir='ltr'><em>περί</em></span> <span class='ocrx_word' id='word_1_194' title='bbox 673 2890 708 2931; x_wconf 89' lang='grc' dir='ltr'><em>τε</em></span> <span class='ocrx_word' id='word_1_195' title='bbox 736 2867 838 2932; x_wconf 79' lang='grc' dir='ltr'><em>ὕδασι</em></span> <span class='ocrx_word' id='word_1_196' title='bbox 866 2864 922 2932; x_wconf 83' lang='grc' dir='ltr'><em>καὶ</em></span> <span class='ocrx_word' id='word_1_197' title='bbox 952 2866 989 2933; x_wconf 81' lang='grc' dir='ltr'><em>ἐν</em></span> <span class='ocrx_word' id='word_1_198' title='bbox 1019 2866 1144 2952; x_wconf 85' lang='grc' dir='ltr'><em>ἀγορᾶς</em></span> 
     </span>
     <span class='ocr_line' id='line_1_27' title="bbox 128 2969 1143 3061; baseline -0.001 -21"><span class='ocrx_word' id='word_1_199' title='bbox 128 2984 362 3061; x_wconf 80' lang='grc' dir='ltr'><em>παραπομπαῖς</em></span> <span class='ocrx_word' id='word_1_200' title='bbox 390 2984 550 3059; x_wconf 83' lang='grc' dir='ltr'><em>συνεχεῖς·</em></span> <span class='ocrx_word' id='word_1_201' title='bbox 582 2972 645 3038; x_wconf 88' lang='grc' dir='ltr'><em>κάν</em></span> <span class='ocrx_word' id='word_1_202' title='bbox 672 2974 802 3050; x_wconf 84' lang='grc' dir='ltr'><em>τούτοις</em></span> <span class='ocrx_word' id='word_1_203' title='bbox 829 2969 943 3058; x_wconf 78' lang='grc' dir='ltr'><em>μέντοι</em></span> <span class='ocrx_word' id='word_1_204' title='bbox 970 2974 1010 3038; x_wconf 87' lang='grc' dir='ltr'><em>τά</em></span> <span class='ocrx_word' id='word_1_205' title='bbox 1036 2974 1143 3040; x_wconf 85' lang='grc' dir='ltr'><em>πολλά</em></span> 
     </span>
     <span class='ocr_line' id='line_1_28' title="bbox 92 3072 1143 3170; baseline -0.003 -23"><span class='ocrx_word' id='word_1_206' title='bbox 92 3075 214 3163; x_wconf 80' lang='grc' dir='ltr'><em>4ἦσαν</em></span> <span class='ocrx_word' id='word_1_207' title='bbox 237 3082 420 3166; x_wconf 89' lang='grc' dir='ltr'><em>ίσόρροποι.</em></span> <span class='ocrx_word' id='word_1_208' title='bbox 466 3079 502 3144; x_wconf 81' lang='grc' dir='ltr'><em>ἐν</em></span> <span class='ocrx_word' id='word_1_209' title='bbox 525 3072 551 3168; x_wconf 74' lang='grc' dir='ltr'><em>ᾧ</em></span> <span class='ocrx_word' id='word_1_210' title='bbox 576 3075 613 3144; x_wconf 73' lang='grc' dir='ltr'><em>δὲ</em></span> <span class='ocrx_word' id='word_1_211' title='bbox 635 3076 725 3145; x_wconf 85' lang='grc' dir='ltr'><em>ταῦτ’</em></span> <span class='ocrx_word' id='word_1_212' title='bbox 748 3078 874 3163; x_wconf 83' lang='grc' dir='ltr'><em>ἐγίνετο</em></span> <span class='ocrx_word' id='word_1_213' title='bbox 897 3082 1019 3170; x_wconf 74' lang='grc' dir='ltr'><em>χρόνῳ,</em></span> <span class='ocrx_word' id='word_1_214' title='bbox 1043 3081 1143 3166; x_wconf 88' lang='grc' dir='ltr'><em>μοῖρά</em></span> 
     </span>
    </p>
   </div>
   <div class='ocr_carea' id='block_1_3' title="bbox 129 3269 1143 3485">
    <p class='ocr_par' dir='ltr' id='par_1_3' title="bbox 129 3269 1143 3485">
     <span class='ocr_line' id='line_1_29' title="bbox 200 3269 1142 3345; baseline 0 -19"><span class='ocrx_word' id='word_1_215' title='bbox 200 3279 216 3326; x_wconf 82' lang='grc'><strong>3</strong></span> <span class='ocrx_word' id='word_1_216' title='bbox 240 3271 411 3342; x_wconf 86' lang='grc' dir='ltr'><em>ὀλυμπιάδος</em></span> <span class='ocrx_word' id='word_1_217' title='bbox 429 3289 482 3328; x_wconf 91' lang='lat' dir='ltr'><em>om.</em></span> <span class='ocrx_word' id='word_1_218' title='bbox 501 3270 549 3325; x_wconf 84' lang='lat' dir='ltr'><em>Ba</em></span> <span class='ocrx_word' id='word_1_219' title='bbox 639 3278 655 3327; x_wconf 85' lang='lat'><strong>6</strong></span> <span class='ocrx_word' id='word_1_220' title='bbox 679 3271 804 3345; x_wconf 85' lang='grc' dir='ltr'><em>βωλανδς</em></span> <span class='ocrx_word' id='word_1_221' title='bbox 822 3271 926 3341; x_wconf 80' lang='lat' dir='ltr'><strong>AOmg</strong></span> <span class='ocrx_word' id='word_1_222' title='bbox 945 3269 1076 3334; x_wconf 85' lang='grc' dir='ltr'><em>ίονλανδς</em></span> <span class='ocrx_word' id='word_1_223' title='bbox 1094 3271 1142 3326; x_wconf 79' lang='grc' dir='ltr'><em>ΒΟ</em></span> 
     </span>
     <span class='ocr_line' id='line_1_30' title="bbox 130 3342 1142 3425; baseline 0.001 -28"><span class='ocrx_word' id='word_1_224' title='bbox 130 3360 199 3397; x_wconf 83' lang='lat' dir='ltr'><strong>corr.</strong></span> <span class='ocrx_word' id='word_1_225' title='bbox 219 3343 341 3413; x_wconf 81' lang='lat' dir='ltr'>Sylburg</span> <span class='ocrx_word' id='word_1_226' title='bbox 418 3349 450 3397; x_wconf 80' lang='lat'><em>12</em></span> <span class='ocrx_word' id='word_1_227' title='bbox 475 3345 563 3414; x_wconf 82' lang='grc' dir='ltr'><em>δηοῦν</em></span> <span class='ocrx_word' id='word_1_228' title='bbox 582 3342 792 3425; x_wconf 83' lang='grc' dir='ltr'><em>καταλαμβάνει</em></span> <span class='ocrx_word' id='word_1_229' title='bbox 809 3362 839 3397; x_wconf 84' lang='grc' dir='ltr'><em>τε</em></span> <span class='ocrx_word' id='word_1_230' title='bbox 858 3343 883 3395; x_wconf 89' lang='grc' dir='ltr'><strong>Α</strong></span> <span class='ocrx_word' id='word_1_231' title='bbox 963 3349 996 3397; x_wconf 88' lang='grc'><em>14</em></span> <span class='ocrx_word' id='word_1_232' title='bbox 1020 3342 1070 3396; x_wconf 82' lang='grc' dir='ltr'><em>καὶ</em></span> <span class='ocrx_word' id='word_1_233' title='bbox 1089 3361 1142 3398; x_wconf 89' lang='lat' dir='ltr'><em>om.</em></span> 
     </span>
     <span class='ocr_line' id='line_1_31' title="bbox 129 3411 1143 3485; baseline 0.004 -21"><span class='ocrx_word' id='word_1_234' title='bbox 129 3411 175 3466; x_wconf 81' lang='lat' dir='ltr'><em>Ba</em></span> <span class='ocrx_word' id='word_1_235' title='bbox 248 3420 280 3469; x_wconf 76' lang='lat'><em>17</em></span> <span class='ocrx_word' id='word_1_236' title='bbox 304 3415 353 3469; x_wconf 78' lang='grc' dir='ltr'><em>καί</em></span> <span class='ocrx_word' id='word_1_237' title='bbox 372 3419 437 3470; x_wconf 82' lang='lat' dir='ltr'>ante</span> <span class='ocrx_word' id='word_1_238' title='bbox 457 3416 602 3485; x_wconf 82' lang='grc' dir='ltr'><em>διέμειναν</em></span> <span class='ocrx_word' id='word_1_239' title='bbox 621 3413 728 3471; x_wconf 68' lang='lat' dir='ltr'>delent</span> <span class='ocrx_word' id='word_1_240' title='bbox 746 3414 869 3484; x_wconf 79' lang='lat' dir='ltr'>Sylburg</span> <span class='ocrx_word' id='word_1_241' title='bbox 940 3420 975 3469; x_wconf 78' lang='lat'><em>22</em></span> <span class='ocrx_word' id='word_1_242' title='bbox 995 3414 1027 3468; x_wconf 86' lang='grc' dir='ltr'><em>τὸ</em></span> <span class='ocrx_word' id='word_1_243' title='bbox 1047 3415 1143 3470; x_wconf 90' lang='lat' dir='ltr'><strong>om.B</strong></span> 
     </span>
    </p>
   </div>
   <div class='ocr_carea' id='block_1_4' title="bbox 61 3556 163 3624">
    <p class='ocr_par' dir='ltr' id='par_1_4' title="bbox 61 3556 163 3624">
     <span class='ocr_line' id='line_1_32' title="bbox 61 3556 163 3624; baseline 0 0"><span class='ocrx_word' id='word_1_244' title='bbox 61 3556 163 3624; x_wconf 54' lang='lat' dir='ltr'><em>G</em></span> 
     </span>
    </p>
   </div>
   <div class='ocr_carea' id='block_1_5' title="bbox 0 0 1223 3848">
    <p class='ocr_par' dir='ltr' id='par_1_5' title="bbox 0 0 1223 3848">
     <span class='ocr_line' id='line_1_33' title="bbox 0 0 1223 3848; baseline 0 0"><span class='ocrx_word' id='word_1_245' title='bbox 0 0 1223 3848; x_wconf 95' lang='lat' dir='ltr'><em> </em></span> 
     </span>
    </p>
   </div>
  </div>
 </body>
</html>
