2424 3848
538 159 705 210 -Η,

116 316 177 385 τιν’
206 317 361 404 ἀντεῖχον
388 317 452 384 ἀπὸ
475 329 543 383 τῶν
565 329 682 403 τειχῶν
705 321 885 403 μαχόμενοι
907 314 963 382 καὶ
985 318 1130 394 πολλοὺς

115 436 178 490 τῶν
201 427 372 508 πολεμίων
394 420 615 510 κατέτρωσαν·
639 420 747 490 ἔπειθ’
769 425 834 490 ὑπὸ
858 435 924 489 τῶν
945 424 1129 509 σφενδονη-

113 542 178 596 τῶν
206 529 484 613 ἀναστελλόμενοι
512 527 568 594 καὶ
593 528 687 616 μέχρι
711 531 823 614 δείλης
846 531 943 609 ὀψίας
965 534 1129 594 ταλαιπω-

112 645 249 721 ροῦντες
284 637 391 702 πολλὰ
427 633 508 721 μέρη
545 645 606 702 τοῦ
641 639 770 720 τείχους
807 635 966 714 ἐξέλιπον.
1029 636 1164 702 τοῦτοὸ

111 742 315 827 καταμαθὼν
345 742 363 808 δ
392 743 546 828 Μάρκιος
577 752 646 819 τοίς
676 740 738 826 μὲν
770 744 883 820 ἄλλοις
915 744 1128 828 στρατιώταις
1156 763 1169 804 ι

109 849 311 934 παρήγγειλε
338 851 498 932 κλίμακας
524 847 726 935 προσφέρειν
748 849 830 913 κατδι
853 851 892 913 τὰ
914 850 1128 932 γυμνούμενα

110 953 192 1041 μέρη
226 963 287 1020 τοῦ
318 955 516 1038 περιβόλου,
549 952 648 1030 αύτὸς
680 949 718 1018 δὲ
749 957 827 1031 τοὺς
852 959 1047 1039 κρατίστους
1073 963 1131 1040 τῆς

110 1069 265 1147 στρατιᾶς
296 1058 475 1143 ἀναλαβὼν
506 1057 560 1124 ἐπὶ
591 1061 648 1136 τὰς
679 1060 786 1137 πύλας
815 1062 898 1125 ἵεται
925 1064 1129 1145 βαλλόμενος

110 1167 174 1232 ἀπὸ
204 1177 275 1231 τῶν
300 1167 454 1250 πύργων,
483 1162 539 1230 καὶ
566 1165 744 1252 διαρρήξας
771 1170 849 1244 τοὺς
876 1170 1020 1251 μοχλοὺς
1046 1188 1129 1251 παρ-

110 1272 240 1359 έρχεται
267 1282 397 1359 πρῶτος
423 1273 471 1349 είς
494 1271 556 1355 τὴν
578 1275 686 1337 πόλιν.
732 1266 775 1356 ἦν
798 1270 828 1336 δ’
851 1273 1035 1357 ὑφεστηκὸς
1057 1284 1128 1349 ταῖς
1142 1296 1170 1336 ω

108 1381 230 1455 πύλαις
256 1381 342 1443 πολὺ
370 1375 427 1443 καὶ
453 1379 616 1463 καρτερὸν
644 1389 761 1462 στῖφος
787 1389 854 1443 τῶν
881 1381 1064 1462 πολεμίων,
1096 1382 1131 1444 οἳ

109 1484 268 1570 δέχονταί
287 1480 315 1549 τ’
334 1483 437 1550 αὐτὸν
456 1483 649 1570 ἐρρωμένως
667 1482 722 1550 καὶ
740 1483 835 1570 μέχρι
853 1489 980 1550 πολλοῦ
999 1485 1129 1570 διεκαρ-

107 1590 230 1678 τέρουν
261 1588 511 1673 ἀγωνιζόμενοι·
547 1594 681 1656 πολλῶν
714 1587 745 1656 δ’
777 1589 1025 1676 ἀναιρεθέντων
1055 1589 1129 1677 τρί-

106 1720 228 1763 πονται
257 1697 292 1762 οί
317 1694 427 1762 λοιποὶ
453 1694 510 1761 καὶ
536 1694 774 1774 σκεδασθέντες
797 1699 939 1782 ἔφευγον
963 1697 1027 1762 ἀνδι
1048 1701 1127 1775 τοὺς

107 1803 307 1880 στενωπούς.
352 1803 370 1869 ὁ
399 1799 430 1867 δ’
455 1802 636 1887 ἠκολούθει
658 1806 797 1868 κτείνων
820 1806 897 1880 τοὺς
919 1771 1167 1888 καταλαμβα-ξὶς

46 1907 283 1995 ιιοονομένους,
306 1909 379 1974 ὅσοι
401 1908 446 1991 μὴ
469 1908 508 1972 τδι
531 1908 616 1972 ὅπλα
639 1906 796 1992 ῥίψαντες
818 1910 865 1984 είς
889 1909 1012 1984 ίκεσίας
1033 1907 1126 1994 ἐτρά-

103 2035 223 2082 ποντο·
248 2012 285 2081 ἐν
309 2011 346 2080 δὲ
368 2014 475 2102 τούτῳ
498 2012 553 2079 καλ
578 2014 613 2078 οί
633 2015 689 2078 διὰ
712 2025 779 2079 τῶν
801 2014 970 2098 κλιμάκων
989 2013 1126 2097 ἀναβαί-

104 2145 223 2199 νοντες
250 2119 410 2207 ἐκράτουν
436 2130 498 2185 τοῦ
526 2122 663 2204 τείχους.
709 2131 830 2186 τοῦτον
854 2121 895 2205 δὴ
918 2122 979 2185 τὸν
1000 2122 1125 2205 τρόπον

103 2227 250 2311 ἁλούσης
272 2234 329 2310 τῆς
350 2226 475 2303 πόλεως
497 2224 688 2310 ἐξελόμενος
706 2226 724 2292 δ
742 2226 897 2312 Μάρκιος
923 2225 959 2292 ἐκ
981 2237 1049 2292 τῶν
1068 2232 1126 2292 λα-

103 2334 226 2420 φύρων
249 2332 311 2397 όσα
332 2338 427 2409 θεοῖς
448 2328 478 2396 τ’
501 2330 699 2422 ἀναθήματα
721 2330 777 2397 καὶ
800 2335 922 2416 κόσμος
944 2344 1015 2410 ταῖς
1038 2333 1123 2399 Οὐο-
1138 2357 1166 2397 εο

102 2439 259 2506 λούσκων
280 2440 417 2504 πόλεσιν
435 2439 549 2521 ἔμελλε
568 2435 737 2521 γενέσθαι,
760 2440 800 2504 τολ
818 2440 919 2504 λοιπδι
938 2449 1009 2515 τοῖς
1028 2455 1124 2525 στρα-

102 2546 236 2622 τιώταις
268 2543 368 2629 ἐφῆκε
400 2542 589 2629 διαρπάσαι.
638 2537 682 2627 ἦν
713 2538 751 2608 δὲ
777 2545 884 2609 πολλὰ
910 2539 973 2627 μὲν
1003 2543 1158 2615 αύτόθιλ

104 2652 257 2737 σώματα,
278 2651 384 2716 πολλὰ
407 2646 445 2715 δὲ
467 2652 633 2734 χρήματα,
654 2652 759 2726 πολὺς
783 2645 820 2714 δὲ
844 2660 948 2731 σῖτος,
971 2649 1054 2713 ὥστε
1077 2652 1122 2735 μὴ

103 2754 226 2846 ῥᾴδιον
255 2750 342 2821 είναι
370 2764 430 2843 μιᾷ
457 2755 564 2820 πάντα
594 2754 765 2839 ἐκκομίσαι
792 2757 870 2831 τοὺς
897 2757 1123 2840 κρατήσαντας

102 2862 225 2951 ἡμέρα,
249 2858 321 2927 ἀλλ’
343 2859 379 2926 ἐκ
402 2862 560 2946 διαδοχῆς
582 2862 719 2944 ἀνοντες
739 2859 795 2926 καλ
818 2859 975 2946 φέροντες
997 2862 1037 2925 τδι
1060 2857 1121 2947 μὲν
1137 2880 1163 2922 ετ

174 3061 191 3108 3
210 3051 495 3178 ταλ<αι3πωροῦντες
512 3053 536 3107 Β
597 3060 615 3107 4
633 3048 804 3126 ἐξέλ<ι>πον
822 3053 845 3107 Β
908 3056 924 3104 8
943 3051 1033 3115 πυλδις
1051 3053 1120 3108 ἀνα-

102 3125 198 3197 λαβὼν
217 3125 291 3179 ἵεται
352 3140 420 3179 corr.
441 3123 562 3194 Sylburg
631 3130 663 3178 10
683 3119 835 3192 ἀφεστηκὸς
854 3140 876 3178 ο.
897 3122 1019 3193 sylburg
1088 3131 1121 3178 13

102 3193 300 3268 τρέποντ<αι>
313 3194 337 3248 Β
392 3201 424 3250 15
443 3195 508 3257 τοὺς
525 3195 674 3264 πολεμίους
688 3193 989 3267 καταλαμβανομένους
1004 3194 1027 3249 Ο
1041 3212 1122 3266 prae-

102 3271 147 3322 ter
165 3267 189 3320 B
259 3271 292 3321 18
311 3265 343 3321 δὲ
363 3265 386 3322 0
405 3265 440 3334 δὴ
460 3265 604 3335 Kiessling
669 3271 701 3319 21
723 3263 834 3334 ἔμελλεν
853 3263 970 3320 ἔσεσθαι
988 3283 1011 3321 ο.
1032 3267 1122 3322 Cobet

102 3338 171 3465 ὅλοι,
190 3355 229 3462 p.t
239 3341 300 3461 1ὖὶ
316 3331 337 3392 ἕ.
356 3337 489 3407 γίνεσθαι
511 3334 640 3391 Ηεελλείο
662 3335 779 3389 Hermes
802 3336 828 3390 X
845 3343 897 3392 417
971 3343 1005 3391 24
1027 3336 1122 3393 πάντα

145 3424 215 3479 prae
230 3423 260 3462 er
1094 3446 1097 3452 .

905 3497 959 3552 10*
