2424 3848
528 161 690 210 -z-
1073 155 1114 221 ιι

95 325 270 388 δεσποτῶν
288 319 344 386 καὶ
362 323 441 397 τοὺς
459 319 497 385 έκ
514 331 585 385 τῶν,
596 320 831 406 δεσμωτηρίων
850 320 987 397 λύοντες
1004 321 1115 386 κωδύ-

95 432 227 512 πλιζον,
249 425 305 493 καί
323 426 385 492 ὅσα
403 426 447 512 μή
467 426 626 492 δύναιντο
646 424 761 512 φέρειν
779 450 814 492 τε
833 424 889 492 καὶ
906 428 1000 511 ἀγειν
1024 428 1116 512 [χρή-

37 553 187 621 33οματα
217 531 274 600 καὶ
305 534 508 618 βοσκήματα]
539 533 581 597 τά
615 528 675 617 μὲν
708 531 970 618 ἐνεπίμπρασαν,
1005 535 1045 598 τά
1077 530 1115 599 δέ

95 639 336 726 κατέσφαττον.
376 637 595 728 ἀπορουμένῳ
625 635 663 703 δέ
684 647 730 727 τῷ
754 640 924 730 τυράννῳ,
949 644 1025 706 τίνα
1051 640 1155 728 χρή5

96 752 226 835 τρόπον
252 746 365 824 αὐτοῖς
390 751 547 830 πολεμεῖν
574 747 630 810 διδ
657 748 695 812 τὸ
722 744 796 831 μήτ’
823 745 860 812 ἐκ
881 756 943 813 τοῦ
965 757 1115 834 φανεροῦ
1142 768 1156 810 ι

97 855 158 931 τὰς
181 852 398 939 ἐπιχειρήσεις
421 851 543 929 αὐτοὺς
565 858 736 917 ποιεῖσθαι
758 848 833 937 μήτ’
856 852 892 919 έν
912 864 982 930 τοῖς
1004 854 1116 931 αὐτοῖς

97 963 266 1048 χρονίζειν
287 961 413 1043 τόποις,
436 958 520 1024 ἀλλά
537 955 634 1024 νυκτί
652 954 713 1042 μὲν
732 960 779 1036 είς
796 960 935 1046 όρδρον,
957 959 1063 1049 ήμέρῳ
1080 958 1112 1026 δ’

98 1070 148 1145 είς
173 1067 279 1133 νύκτα
306 1072 567 1152 συμμετρεῖσθαι
597 1066 654 1142 τάς
684 1064 846 1150 ἐφόδους,
876 1065 932 1132 καὶ
958 1069 1116 1146 πολλάκις

98 1172 332 1254 ἀποστείλαντι
362 1176 441 1250 τοὺς
473 1173 671 1258 στρατιώτας
700 1170 754 1237 ἐπὶ
780 1172 842 1255 τήν
869 1174 1031 1257 βοήθειαν
1058 1184 1116 1258 τῆς

98 1283 209 1366 χώρας
232 1281 289 1345 διὰ
310 1288 419 1363 κενῆς,
441 1281 660 1365 παραγίνεταί
677 1302 728 1356 τις
750 1278 783 1357 έξ
805 1277 915 1344 αὐτῶν
937 1277 1115 1364 ᾐκισμένος
1129 1303 1155 1343 ιο

98 1389 137 1452 τὸ
166 1398 260 1472 σῶμα
292 1385 443 1472 μάστιξιν
473 1383 668 1463 ἀποσταλεὶς
693 1386 759 1452 ὑπὸ
786 1395 853 1451 τῶν
881 1385 1043 1472 φυγάδων
1070 1386 1116 1464 ὡς

99 1491 297 1577 αὐτόμολος,
315 1492 351 1570 δς
367 1494 483 1557 ἀδειαν
498 1492 715 1577 αἰτησάμενος
728 1489 886 1578 ὑπέσχετο
900 1500 945 1580 τῳ
958 1492 1114 1583 τυράννῳ

98 1601 302 1684 παραλαβὼν
329 1600 391 1683 τήν
419 1596 735 1682 ἀποσταλησομένην
762 1601 825 1664 σὺν
853 1599 942 1687 αὑτῷ
970 1601 1114 1684 δύναμιν

99 1705 192 1784 ἀξειν
216 1703 270 1770 ἐπὶ
292 1708 351 1772 τὸν
368 1708 484 1790 τόπον,
508 1705 544 1770 ἐν
563 1698 589 1793 ᾧ
608 1707 669 1790 τήν
688 1704 847 1770 ἐπιοῦσαν
865 1708 1004 1791 ἔμελλον
1022 1707 1114 1772 αὐλί-

99 1815 217 1890 ζεσθαι
244 1813 348 1877 νύκτα
375 1813 411 1877 οί
435 1813 591 1896 φυγάδες.
634 1805 661 1900 ᾧ
687 1821 861 1877 πιστεῦσαι
887 1811 1068 1898 προαχθείς
1094 1796 1154 1910 δῇ,

97 1919 264 2004 τύραννος
286 1921 435 1985 αίτούντι
457 1915 562 1984 οὐδὲν
583 1917 639 1984 καὶ
661 1921 699 1984 τὸ
727 1916 847 1984 ἑαυτοῦ
871 1929 964 2002 σῶμα
987 1920 1113 2002 ὅμηρον

97 2022 314 2113 παρεχομένῳ
341 2022 461 2108 πέμπει
492 2027 570 2101 τοὺς
600 2024 816 2101 πιστοτάτους
846 2035 913 2089 τῶν
940 2023 1114 2108 ήγεμόνων

99 2132 244 2214 ἀγοντας
268 2131 375 2208 ίππείς
395 2153 432 2196 τε
454 2134 598 2209 πολλοὺς
620 2130 675 2197 καί
697 2132 758 2215 τήν
777 2133 989 2217 μισθοφόρον
1013 2131 1114 2196 δύνα-

99 2260 171 2320 μιν,
190 2227 241 2313 οἷς
258 2235 441 2302 ἐνετείλατο
460 2237 600 2321 μάλιστα
619 2234 680 2321 μὲν
694 2237 839 2314 ἅπαντας
856 2241 934 2314 τοὺς
951 2237 1114 2322 φυγάδας,

98 2346 130 2407 εί
158 2339 196 2407 δέ
225 2345 270 2427 μή
296 2339 330 2425 γ’
362 2344 407 2420 ὡς
432 2346 606 2420 πλείστους
637 2341 669 2420 ἐξ
700 2343 811 2408 αὐτῶν
841 2344 1005 2425 δήσαντας
1031 2347 1114 2431 πρὸς
1127 2367 1154 2406 ω

36 2450 205 2519 1336αύτὸν
223 2450 327 2534 ἀγειν.
363 2450 382 2515 ὁ
401 2446 462 2534 μέν
477 2444 540 2515 οὖν
552 2451 813 2526 κατασκευαστὸς
830 2449 1014 2535 αὐτόμολος
1031 2452 1115 2516 κατά

98 2552 127 2621 τ’
161 2554 306 2641 ἀτριβεῖς
337 2556 437 2632 ὁδοὺς
469 2554 524 2621 καὶ
556 2558 613 2621 διά
643 2545 779 2642 δρυμῶν
807 2555 939 2640 ἐρήμων
966 2551 1025 2640 ήγε
1052 2559 1114 2642 τήν

100 2663 259 2748 στρατιάν
281 2668 556 2748 ταλαιπωροῦσαν
579 2660 624 2727 δι’
646 2663 725 2746 ὅλης
746 2665 865 2739 νυκτὸς
887 2661 940 2728 ἐπὶ
962 2664 1002 2728 τά
1023 2669 1114 2728 πλεῖ-

101 2786 181 2834 στον
205 2752 368 2855 ἀπέχοντα
390 2777 448 2854 τῆς
469 2772 595 2847 πόλεως
617 2768 709 2856 μέρη.

166 2873 223 2940 XI.
254 2875 299 2939 Οί
324 2870 355 2939 δ’
382 2873 562 2940 ἀποστάται
589 2898 624 2940 τε
651 2873 706 2939 καί
733 2874 879 2959 φυγάδες
907 2873 943 2938 ἐν
971 2880 1016 2959 τῳ
1038 2871 1113 2956 περὶ
1127 2896 1153 2937 ιε

97 2985 160 3048 τὸν
177 2978 323 3067 ’Ἆορνον
350 2981 421 3066 ὄρει
447 2985 589 3064 πλησίον
616 2983 688 3046 ὄντι
715 2988 772 3064 τῆς
793 2981 920 3056 πόλεως
942 2983 1114 3064 λοχῶντες,

97 3210 121 3263 B
172 3134 658 3264 ²1ss⁰fflv³⁰¹²ffiss⁰⁰mff⁹ssffiffss
675 3134 765 3260 Ψ
779 3134 972 3261 Q&
1000 3141 1026 3260 ἀ
1038 3144 1114 3262 {Sem

96 3278 203 3350 αχθεὶς
216 3281 241 3332 R
303 3285 336 3333 21
351 3228 563 3342 ἀάτασκενάσας
580 3262 668 3334 ταῦτα
681 3279 707 3332 Α
769 3283 803 3332 22
817 3226 942 3349 άκάιβεχῖς
959 3226 1008 3331 KB
1080 3229 1113 3334 {3

94 3349 276 3478 χτροχτ<ι>αν
293 3349 336 3404 Bb
421 3356 456 3405 25
474 3370 504 3406 τε
523 3350 587 3404 εδδ.
606 3351 629 3403 Β
715 3354 750 3405 26
768 3352 905 3417 λαχῶντες
922 3349 966 3404 Aa
984 3349 1115 3419 λαχόντες

151 3520 255 3560 Drom.
268 3519 332 3559 Eu„
345 3521 389 3561 111.
415 3531 456 3564 ln.
469 3521 571 3563 Jmonr.
943 3516 966 3566 ‘2
