2424 3848
120 172 165 237 42
546 177 708 227 -Ζ-

188 334 328 401 XXVII.
368 338 415 421 Τή
439 331 469 399 δ’
498 333 571 421 ἑξῆς
592 335 698 424 ήμέρηι
719 348 844 423 πρῶτοι
866 336 1066 421 καταβάντες
1089 338 1138 416 είς

27 477 31 484 ·
120 443 182 526 τήν
214 440 341 527 ἀγοράν
373 442 408 508 οί
438 444 600 528 δήμαρχοι
633 443 838 509 συνεκάλουν
867 444 927 518 τὸν
955 444 1062 527 δῆμον
1089 446 1139 521 είς

122 548 297 632 ἐκκλησίαν
323 546 379 613 καὶ
406 551 581 634 παριόντες
608 547 644 614 ἐκ
672 551 829 635 διαδοχῆς
854 550 962 616 πολλὰ
985 545 1046 634 μὲν
1068 561 1138 616 τῶν

121 658 304 741 πατρικίων
317 658 526 740 κατηγόρουν
540 656 585 731 ὡς
599 654 813 740 ἐψευσμένων
826 656 884 732 τάς
897 658 1068 739 συνθήκας
1081 655 1139 722 καὶ

95 764 400 847 οπαραβεβηκότων
422 763 500 839 τοὺς
522 761 654 847 ὅρκους,
676 761 735 839 οὓς
758 761 954 846 ἐποιήσαντο
976 764 1059 845 πρὸς
1076 764 1139 828 τὸν

122 869 229 951 δῆμον
247 864 330 954 ὑπὲρ
347 867 527 952 ἀμνηστίας
540 879 607 934 τῶν
620 869 734 953 πάλαι,
751 872 878 945 πίστεις
890 865 1140 954 παραφέροντες

120 982 180 1039 τοῦ
203 975 247 1058 μή
270 978 413 1060 βεβαίως
435 974 556 1051 αὐτοὺς
579 975 779 1061 διηλλάχθαι
801 978 884 1060 πρὸς
900 977 938 1041 τὸ
958 976 1140 1059 δημοτικὸν

121 1083 182 1164 τήν
209 1104 243 1146 τε
269 1091 329 1148 τοῦ
352 1085 445 1148 σίτου
470 1081 606 1164 σπάνιν,
632 1080 676 1165 ἣν
699 1078 794 1148 αὐτοὶ
816 1079 1053 1165 κατέσκευσαν,
1080 1079 1139 1147 καὶ

121 1187 179 1264 τὰς
206 1185 391 1265 ἀποστολὰς
414 1198 482 1253 τῶν
504 1192 713 1273 κληρουχιῶν
736 1185 933 1272 ἀμφοτέρων
955 1185 1011 1252 καὶ
1033 1181 1139 1253 τᾶλλα

82 1257 183 1372 Ξὸσα
202 1292 449 1379 ἐμηχανήσαντο
469 1294 634 1377 μειώσεως
651 1303 712 1359 τοῦ
727 1295 879 1376 πλήθους
892 1290 997 1358 ἕνεκα.
1029 1294 1139 1359 πολλά

122 1396 159 1465 δὲ
181 1410 241 1466 τοῦ
259 1403 416 1486 Μαρκίου
439 1402 650 1483 καθήπτοντο
674 1401 752 1476 τοὺς
774 1396 939 1484 ῥηθέντας
957 1395 1014 1464 ὑπ’
1032 1399 1209 1472 αύτούιειο

121 1509 242 1588 λόγους
265 1505 301 1571 ἐν
324 1514 363 1590 τή
386 1508 491 1590 βουλή
516 1503 703 1587 διεξιόντες,
725 1502 780 1569 καὶ
799 1504 849 1569 ὅτι
867 1505 1071 1589 καλούμενος
1088 1508 1140 1584 είς

120 1611 304 1696 ἀπολογίαν
330 1611 396 1677 ὑπὸ
423 1621 484 1676 τοῦ
512 1613 620 1695 δήμου
643 1612 684 1676 οὐ
707 1615 813 1695 μόνον
837 1610 898 1676 ούκ
920 1610 1060 1696 ήξίωσευ
1084 1610 1140 1677 ἐλ-

119 1724 213 1801 θεῖν,
240 1716 324 1782 ἀλλὰ
351 1715 406 1783 καὶ
428 1719 507 1794 τοὺς
528 1715 754 1803 ἀφικομένους
776 1714 825 1783 ἐπ’
848 1716 951 1784 αὐτὸν
974 1716 1140 1803 ἀγορανό-

81 1843 107 1884 15
120 1846 203 1908 μους
225 1819 356 1888 τύπτων
380 1823 556 1906 ἀπήλασεν.
593 1822 734 1889 ἐκάλουν
758 1819 796 1888 δέ
818 1823 1074 1909 μάρτυραςτῶν
1099 1822 1139 1890 ἐν

119 1938 159 2015 τῇ
186 1933 291 2014 βουλή
314 1923 504 2013 γευομένων
527 1932 604 2006 τοὺς
626 1929 857 2014 ἐντιμοτάτους
878 1941 945 1995 τῶν
969 1929 1050 2014 ἐκεῖ,
1077 1939 1138 2015 τής

120 2033 158 2102 δέ
184 2033 259 2121 περὶ
286 2038 364 2112 τοὺς
391 2034 620 2121 ἀγορανόμους
640 2035 768 2120 ὕβρεως
792 2037 936 2112 ἅπαντας
960 2039 1037 2114 τοὺς
1059 2040 1136 2104 τότε

84 2145 284 2228 3παρόντας
311 2142 392 2206 κατὰ
414 2143 476 2226 τήν
498 2141 624 2228 άχοράν
647 2143 853 2226 δημοτικούς.
898 2152 1002 2208 ταῦτα
1029 2141 1058 2208 δ’
1088 2147 1137 2208 εί-

118 2252 236 2325 πόυτες
263 2246 436 2332 ἐδίδοσαν,
463 2251 495 2313 εί
520 2246 737 2333 βουλομένοις
763 2255 829 2333 είη,
857 2262 926 2326 τοῖς
948 2255 1136 2336 πατρικίοις

78 2376 106 2415 ιο
120 2354 318 2439 ἀπολογίαν,
348 2352 539 2440 κατέχοντες
568 2353 620 2420 ἐπὶ
647 2365 704 2440 τής
731 2354 904 2449 Ιἐκκλησίας
930 2359 990 2422 τὸν
1017 2358 1140 2443 δήμου,

120 2461 182 2537 ἕως
203 2461 224 2545 ή
248 2462 353 2545 βουλή
377 2462 563 2546 διαλυθείη.
600 2464 719 2546 ἔτυχον
742 2463 804 2547 γάρ
828 2458 911 2547 ὑπὲρ
931 2461 1041 2527 αὐτῶν
1059 2465 1139 2529 τού-

119 2591 185 2634 των
205 2569 461 2654 συνεδρεύοντες
480 2568 516 2633 οί
530 2573 696 2653 πατρίκιοι
715 2569 963 2654 διαποροῦντες,
980 2565 1039 2633 είτ’
1054 2567 1138 2637 ἀπο-

119 2672 279 2760 λογητέον
302 2673 414 2750 αὐτοῖς
436 2680 486 2758 είη
509 2678 592 2761 πρὸς
614 2677 673 2741 τὸν
697 2677 803 2760 δήμον
826 2670 908 2760 ὑπὲρ
932 2669 979 2740 ὧν
1004 2676 1138 2760 διεβλή-

83 2785 242 2866 4θησαν,
265 2787 330 2846 είτε
353 2778 508 2865 μενετέον
532 2777 583 2865 ἐφ’
606 2780 751 2866 ήσνχίας.
797 2779 867 2846 ἐπεὶ
891 2779 922 2846 δ’
944 2782 982 2846 αί
1001 2785 1138 2860 πλείους

79 2906 105 2948 ει
119 2900 247 2973 γνῶμαι
278 2888 318 2953 τὰ
351 2889 651 2973 φιλανθρωπότερα
677 2898 744 2953 τῶν
773 2886 1028 2973 αὐθαδεστέρων
1055 2909 1137 2975 προ-

119 2998 260 3079 είλοντο,
279 2995 493 3070 διαλύσαντες
512 2993 547 3058 ολ
561 2993 681 3059 ύπατοι
699 2996 758 3059 τδν
777 2995 943 3077 σύλλογον
959 2999 1136 3091 προῆλθον

190 3223 206 3272 3
228 3218 421 3292 παρ<ι>όντες
442 3221 465 3273 Β
539 3227 554 3275 9
577 3219 738 3290 κληρούχων
763 3219 785 3274 Ο
809 3237 878 3276 corr.
898 3221 1021 3275 Reudler
1043 3220 1133 3278 Τίτου.

118 3308 146 3359 p.
166 3295 199 3344 51
224 3292 228 3359 Ι
250 3289 318 3344 *τά
337 3290 407 3345 ἀλλα
428 3291 451 3347 O
525 3295 558 3346 15
582 3290 746 3363 ἀπή<λασεν
766 3287 885 3346 ἐκάλουν
904 3291 957 3364 δέ>
978 3292 1026 3346 Bb
1051 3298 1055 3362 Ι
1078 3302 1134 3347 τῶν

120 3358 171 3430 μὲν
190 3355 221 3415 ἐν
239 3366 273 3430 τῇ
292 3377 314 3416 ο.
334 3360 478 3431 Kiessling
542 3368 575 3417 17
594 3361 763 3436 άπαντ<ας>
780 3363 826 3418 Bb
883 3369 916 3417 21
937 3365 1088 3434 διαλυθείη
1108 3365 1133 3417 Α

120 3434 244 3502 διαλυθῇ
262 3430 309 3485 Ba
327 3432 520 3505 διαλνθ<είη>
538 3433 585 3488 Bb
