2424 3848
538 196 705 278 έθ-

116 353 411 441 συναγωνιουμένη
436 356 577 442 δύναμις
600 355 712 434 αύτοίς
733 363 895 444 συναχθῇ.
932 365 1034 423 ταῦτα
1051 352 1164 422 ‘pm-6

115 467 223 548 μαίων
255 459 528 549 ἀποκριναμένων
556 466 694 529 Λατῖνοι
729 459 791 547 μὲν
818 464 880 529 ὅσα
907 463 1128 549 ἠδυνήθησαν

117 569 152 635 ἐκ
180 581 247 635 τῶν
275 568 387 656 ἀγρῶν
410 571 458 646 είς
479 570 537 646 τάς
559 572 671 647 πόλεις
693 568 998 654 ἀνασκευασάμενοι
1021 575 1128 656 φυλα-

115 678 178 761 κήν
210 676 384 742 ἐποιοῦντο
416 688 483 742 τῶν
515 687 650 762 τειχῶν,
687 677 726 742 τά
759 672 789 742 δ’
823 679 906 742 ἀλλα
937 678 1128 764 περιεώρων

115 782 335 868 ἀπολλύμενα.
379 781 532 870 Ἕρνικες
568 779 606 848 δὲ
643 784 964 869 δυσανασχετοῦντες
1000 781 1054 849 ἐπὶ
1088 792 1128 869 τῇ
1155 799 1168 841 ⁶

114 891 202 976 λύμη
225 889 280 955 καί
304 891 468 976 διαρπαγῇ
492 899 559 955 τῶν
581 887 711 976 ἀγρῶν,
736 887 959 973 ἀναλαβόντες
981 889 1021 954 τά
1043 889 1129 955 ὅπλα

115 994 266 1079 ἐξῆλθον.
312 994 557 1079 ἀγωνισάμενοι
580 991 618 1061 δὲ
641 1001 799 1081 λαμπρῶς
821 991 876 1059 καὶ
897 995 1044 1071 πολλοὺς
1067 990 1128 1078 μὲν

114 1100 337 1186 ἀποβαλόντες
359 1113 425 1168 τῶν
445 1099 625 1188 σφετέρων,
647 1106 760 1189 πολλῶ
780 1096 809 1165 δ’
831 1102 879 1164 ἐτι
897 1102 1032 1176 πλείους
1050 1099 1129 1165 ἀπο-

39 1291 41 1294 .
114 1210 300 1285 κτείναντες
328 1218 396 1274 τῶν
423 1211 608 1293 πολεμίων,
639 1203 872 1292 ἐκβιασθέντες
898 1208 946 1283 είς
972 1207 1012 1270 τά
1038 1209 1127 1291 τείχη

114 1311 318 1400 κατέφυγον,
340 1312 396 1380 καὶ
418 1312 529 1381 ούκέτι
553 1315 658 1401 μάχης
680 1313 868 1400 ἐπειρῶντο.
1141 1329 1167 1371 1⁰

180 1420 330 1486 LXVIII.
372 1419 514 1487 Αίκανοὶ
547 1417 584 1486 δὲ
615 1417 672 1486 καὶ
703 1419 910 1486 Οὐολοῦσκοι
942 1417 1127 1503 προνομεύ-

115 1543 231 1604 σαντες
258 1527 370 1593 αύτῶν
396 1528 458 1610 τήν
482 1527 594 1613 χώραν
618 1524 723 1604 ἀδεῶς
746 1523 800 1591 ἐπὶ
821 1527 899 1601 τοὺς
926 1523 1129 1590 Τυσκλάνων

45 1633 239 1718 1934ἀγροὺς
261 1632 430 1718 ἀφίκοντο.
469 1633 710 1719 διαρπάσαντες
732 1628 770 1698 δὲ
795 1631 850 1697 καί
873 1632 1011 1708 τούτους
1034 1629 1129 1696 οὐδε-

114 1740 174 1816 νὸς
209 1737 422 1824 ἀμυνομένου
458 1747 611 1826 παρήσαν
643 1740 691 1817 είς
722 1742 800 1816 τοὺς
832 1741 988 1823 Γαβίνων
1020 1735 1128 1823 ὅρους.

115 1845 289 1923 ἐλάσαντες
318 1841 355 1910 δέ
382 1843 437 1910 καὶ
466 1845 522 1910 διίι
549 1846 670 1930 ταύτης
697 1844 801 1922 ἀδεῶς
829 1854 886 1929 τής
908 1854 967 1929 γής
990 1841 1044 1909 ἐπὶ
1066 1845 1128 1928 τήν
1143 1858 1169 1900 15

109 1948 236 2036 Ῥώμην
260 1951 472 2042 ἀφικνοῦντο.
515 1951 728 2037 ἐθορύβησαν
750 1947 812 2035 μὲν
836 1944 899 2015 οὖν
923 1950 1043 2028 ίκανῶς
1064 1951 1161 2034 τήν2

114 2061 230 2142 πόλιν,
258 2057 300 2124 ού
326 2059 393 2142 μήν
419 2060 581 2145 κρατήσαί
601 2055 633 2140 γ’
659 2056 759 2142 αύτής
781 2057 1015 2142 ήδυνήθησαν·
1043 2054 1127 2122 ἀλλὰ

115 2166 232 2246 καίπερ
256 2162 512 2242 ἐξασθενοῦντες
535 2164 570 2229 οί
584 2161 738 2246 Ῥωμαῖοι
761 2162 801 2227 τά
824 2162 958 2245 σώματα
976 2158 1032 2227 καὶ
1051 2164 1128 2239 τοὺς

116 2270 262 2349 ύπάτους
288 2271 534 2347 ἀπολωλεκότες
562 2266 834 2355 ἀμφοτέρους-
857 2265 998 2354 καὶγὰρ
1022 2268 1040 2335 ό
1064 2271 1128 2333 Σε-

115 2382 263 2460 ρουίλιος
294 2376 465 2462 ἐτεθνήκει
498 2379 620 2442 νεωστί
648 2413 693 2422 -
723 2374 1008 2459 καθοπλισάμενοι
1039 2372 1128 2460 παρὰ
1142 2389 1169 2430 20

115 2485 259 2568 δύναμιν
287 2493 357 2561 τοῖς
382 2487 524 2570 τείχεσιν
552 2479 750 2567 ἐπέστησαν,
777 2489 837 2547 τοῦ
864 2483 1044 2566 περιβόλου
1071 2489 1130 2565 τής

114 2591 241 2665 πόλεως
265 2590 361 2664 όντος
384 2586 420 2652 ἐν
443 2595 489 2674 τῷ
511 2590 584 2653 τότε
607 2590 734 2676 χρόνῳ,
761 2586 839 2664 ὅσος
857 2583 1046 2671 Ἀθηναίων
1068 2596 1128 2652 τοῦ

116 2695 231 2769 ἀστεος
258 2692 276 2759 ό
304 2693 438 2770 κύκλος·
470 2690 527 2758 καὶ
551 2693 593 2758 τά
615 2689 677 2777 μὲν
700 2690 753 2757 ἐπὶ
776 2695 895 2776 λόφοις
917 2695 1052 2776 κείμενα
1073 2689 1129 2757 καὶ

114 2797 247 2884 πέτραις
275 2798 453 2882 ἀποτόμοις
478 2792 536 2864 ὑπ’
562 2798 663 2883 αύτής
685 2798 816 2884 <ἐστιυ>
845 2795 1047 2885 ὠχυρωμένα
1071 2805 1129 2881 τῆς
1183 2832 1185 2836 ·

114 2907 247 2990 φύσεως
273 2903 329 2970 καλ
356 2903 470 2988 ὀλίγης
497 2905 639 2989 δεόμενα
661 2909 826 2991 φυλακῆς·
858 2904 898 2970 τά
922 2901 961 2969 δ’·
979 2904 1043 2970 ὑπὸ
1067 2914 1127 2970 τοῦ
1141 2917 1168 2960 2⁵

186 3104 202 3152 8
225 3096 344 3159 πολλοὺς
366 3095 417 3166 μὲν
441 3096 657 3160 ἀποκτείναντες
677 3105 732 3153 τῶν
751 3097 904 3166 πολεμίων,
927 3099 1019 3167 πολλῷ
1038 3093 1066 3150 δ’
1088 3093 1129 3150 ἔτι

113 3170 227 3231 πλείους
254 3167 445 3241 ἀποβαλόντες
471 3177 526 3223 τῶν
555 3167 697 3238 σφετέρων
725 3186 748 3222 c.
771 3167 914 3237 Kiessling
941 3165 993 3236 μὲν
1017 3165 1080 3222 add.
1105 3166 1128 3220 B

116 3246 148 3294 12
168 3241 259 3302 ἀδεῶς
277 3256 330 3294 om.
345 3239 371 3292 A
434 3245 468 3293 14
486 3239 656 3312 ΣαβίνωνΟ
677 3240 807 3312 Γαβίνων
826 3237 971 3307 Kiessling
989 3235 1052 3293 coll,
1067 3235 1127 3293 Liv.

114 3312 190 3367 1116
264 3318 296 3366 16
316 3311 365 3365 καλ
384 3304 563 3383 ἐθορύβησαν
582 3311 677 3381 μένΑ
750 3317 783 3365 17
802 3304 1021 3382 ἀρατήο<αι>Β
1094 3314 1127 3364 18

115 3378 336 3448 ἐξασθενοῦντες
354 3381 376 3435 Β
396 3382 584 3444 ἀσθενοῦντες
602 3383 628 3435 R
691 3389 724 3437 22
743 3390 793 3437 τοῦ
812 3398 865 3436 om.
885 3381 911 3434 A
972 3376 1005 3433 23
1025 3379 1128 3443 ἀστεως

116 3453 163 3507 Ba
236 3459 271 3508 24
294 3448 369 3508 ἐστιν
389 3452 453 3507 add.
473 3451 576 3508 Reiske
