2378 3840
112 174 155 238 90
536 177 697 226 -Ζ-

33 377 36 381 -
112 337 285 419 δημόταις,
314 333 369 400 καὶ
399 332 503 419 μηδὲν
534 338 616 400 ἔστω
646 337 684 401 τὸ
711 340 842 401 κωλῦον
869 335 1060 421 γράφεσθαι
1090 338 1129 402 τὸ

76 439 354 525 2προβούλευμα.
391 439 521 524 ἐγένετο
545 437 582 506 δέ
604 438 660 506 καὶ
682 452 752 519 τοῖς
773 443 939 518 πλείστοις
960 453 1027 507 τῶν
1046 459 1130 507 συν-

111 546 218 632 έδρων
241 545 472 631 ἀσμένοιςέπὶ
494 548 600 636 τούτῳ
623 544 781 631 γενέσθαι
802 555 849 635 τῷ
869 546 1045 632 ἐγκλήματι
1063 549 1128 633 την

111 655 207 737 δίκην
234 646 303 719 κατ’
331 651 516 739 ἀμφότερα,
542 651 599 718 καὶ
626 654 676 718 ότι
704 653 765 719 οὐκ
793 656 884 719 ἐσται
910 655 948 719 τὸ
971 651 1083 738 λέγειν
1107 654 1128 720 δ

83 771 231 845 ιφρονεῖ
250 783 300 836 τις
322 757 359 824 ἐν
382 770 451 837 τοῖς
473 758 649 845 συνέδροις
670 760 836 844 ὑπαίτιον,
859 758 915 825 καὶ
933 760 984 826 ὅτι
1002 761 1129 849 ῥηιδίως

110 864 309 933 ἀπολύσεται
345 867 407 950 την
442 867 603 950 διαβολὴν
635 866 653 932 δ
686 865 771 953 ἀνὴρ
802 870 879 952 βίον
911 866 1031 952 ἐζηκὼς
1062 868 1128 934 σῶ-

75 976 220 1058 3φρονα
251 970 307 1038 καὶ
344 971 575 1056 ἀνεπίληπτον.
625 973 786 1059 γράφεται
821 975 858 1040 τὸ
890 974 1127 1059 προβούλευμα

110 1081 190 1163 μετὰ
212 1077 309 1146 ταῦθ’
332 1076 417 1165 ὑπὲρ
435 1090 493 1164 της
512 1081 616 1164 δίκης,
638 1077 693 1145 καὶ
711 1082 831 1166 χρόνος
848 1082 896 1156 είς
913 1080 1127 1164 παρασκευὴν

110 1195 168 1269 της
190 1185 370 1269 ἀπολογίας
392 1185 532 1271 ὁρίζεται
550 1193 595 1273 τῷ
615 1184 714 1272 ἀνδρὶ
732 1184 827 1272 μέχρι
845 1196 902 1271 τῆς
919 1190 1030 1271 τρίτης
1047 1184 1127 1269 ἀγο-

72 1317 98 1356 10
111 1302 183 1375 ρᾶς·
207 1293 245 1358 αί
265 1289 296 1358 δ’
318 1290 437 1378 ἀγοραὶ
450 1290 621 1377 Ῥωμαίοις
639 1291 790 1376 ἐγίνοντο
809 1292 853 1369 ὡς
870 1290 925 1358 καὶ
944 1291 1040 1378 μέχρι
1058 1303 1127 1359 τῶν

109 1396 186 1465 καθ’
212 1398 297 1483 η’μᾶς
324 1383 454 1484 χρόνων
483 1396 528 1464 δι’
553 1397 676 1484 ἡμέρας
702 1398 827 1483 ἐνάτης.
872 1398 908 1464 ἐν
933 1394 969 1463 δὲ
992 1399 1180 1477 ταύταις144

110 1509 280 1581 συνιόντες
308 1503 344 1569 ἐκ
372 1515 439 1569 τῶν
467 1504 579 1590 ἀγρῶν
606 1506 654 1581 είς
680 1505 742 1587 τὴν
769 1508 868 1570 πόλιν
895 1505 931 1569 οί
953 1503 1126 1588 δημοτικοὶ

108 1611 166 1686 τάς
192 1607 219 1674 τ’
247 1609 398 1692 ἀμείψεις
425 1608 599 1676 ἐποιοῦντο
628 1621 696 1676 τῶν
725 1609 835 1676 ὠνίων
862 1607 918 1674 καὶ
947 1609 1005 1686 τὰς
1032 1612 1126 1689 δίκας

108 1712 186 1801 παρ’
218 1714 373 1798 ἀλλήλων
405 1714 608 1800 ἐλάμβανον,
640 1717 680 1782 τά
711 1739 746 1782 τε
777 1715 890 1798 κοινά,
921 1715 1011 1780 δσων
1038 1711 1125 1800 ἦσαν

70 1845 95 1884 ιι
110 1823 219 1907 κύριοι
242 1822 324 1886 κατὰ
347 1821 425 1899 τοὺς
446 1824 571 1906 νόμους
593 1821 649 1888 καὶ
672 1822 734 1888 ὅσα
756 1822 776 1906 ἡ
795 1822 901 1907 βουλη
920 1820 1126 1909 ἐπιτρέψειεν

110 1928 233 2011 αὐτοῖς,
255 1937 371 2013 ψῆφον
396 1927 685 2013 ἀναλαμβάνοντες
708 1927 904 2015 ἐπεκύρουν·
927 1928 985 2006 τάς
1008 1925 1046 1994 δέ
1068 1953 1126 2014 με-

109 2034 189 2114 ταξὺ
216 2046 283 2101 τῶν
311 2034 443 2121 ἀγορῶν
472 2032 551 2100 ἑπτὰ
578 2033 700 2127 ἡμέρας
723 2034 905 2119 αὐτουργοί
924 2031 951 2099 τ’
976 2036 1069 2112 ὄντες
1092 2035 1129 2101 οί

73 2140 227 2207 4πολλοὶ
254 2139 310 2206 καὶ
337 2140 474 2227 πένητες
501 2141 537 2207 έν
560 2153 629 2219 τοῖς
652 2141 765 2226 ἀγροῖς
789 2140 965 2228 διέτριβον.
1011 2140 1144 2227 ἐπειδη

110 2244 146 2312 δέ
173 2250 210 2314 τὸ
238 2251 473 2335 προβούλευμα
496 2251 617 2332 ἐλαβον
640 2249 676 2313 οί
696 2250 874 2334 δήμαρχοι,
901 2251 1126 2334 προελθόντες

68 2378 95 2418 εο
109 2357 155 2431 είς
183 2356 244 2439 τὴν
268 2355 394 2440 ἀγοράν
418 2356 641 2422 συνεκάλεσαν
664 2356 711 2432 είς
733 2355 910 2440 ἐκκλησίαν
933 2357 991 2421 τὸν
1015 2357 1124 2440 δῆμον

108 2460 164 2527 καὶ
186 2464 292 2528 πολλὰ
316 2461 460 2546 ἐγκώμια
483 2470 540 2546 τῆς
562 2464 685 2545 βουλῆς
704 2462 895 2538 διελθόντες
912 2459 967 2526 καὶ
985 2461 1025 2526 τδι
1045 2463 1124 2546 δόγ-

108 2592 193 2653 ματα
225 2567 324 2652 αύτης
356 2566 556 2651 ἀναγνόντες
587 2578 746 2652 προεῖπον
773 2565 915 2654 ἡμέραν,
948 2567 985 2633 ἐν
1011 2560 1034 2655 ᾗ
1061 2569 1124 2653 τὴν

108 2676 205 2760 δίκην
227 2677 366 2758 ἔμελλον
390 2673 567 2756 ἐπιτελεῖν,
594 2675 641 2750 είς
664 2673 706 2756 ἣν
729 2674 869 2750 δίπαντες
891 2673 1007 2757 ἠξίουν
1029 2674 1125 2758 ἥκειν

107 2784 185 2858 τοὺς
211 2782 346 2856 πολίτας
373 2780 417 2855 ὡς
439 2776 523 2864 ὑπὲρ
546 2790 613 2844 τῶν
636 2783 799 2863 μεγίστων
823 2778 1124 2864 διαγνωσομένους.

66 2911 93 2951 ει
174 2885 311 2951 LVIIH.
334 2881 389 2963 Ὡς
413 2881 450 2950 δέ
473 2886 634 2969 διεβοήθη
658 2895 771 2970 ταῦτα,
793 2887 899 2970 πολλὴ
919 2887 1048 2971 σπουδὴ
1067 2887 1186 2953 ualu

108 2991 285 3075 παράταξις
313 2990 439 3075 ἐγίνετο
467 3002 534 3056 τῶν
561 3013 595 3056 τε
624 2991 810 3074 δημοτικῶν
838 2993 893 3056 καί
918 3004 985 3057 τῶν
1008 3014 1125 3081 πατρι-

107 3104 202 3163 κίων·
229 3110 297 3164 τῶν
325 3094 386 3182 μὲν
410 3098 454 3174 ὡς
476 3094 754 3195 τιμωρησομένων
777 3098 836 3161 τὸν
859 3097 1123 3185 αὐθαδέστατον,

180 3296 196 3342 6
220 3285 322 3359 ἐζηκὼς
343 3290 447 3358 ACmg
470 3283 609 3358 ἐζηλωκὼς
627 3287 650 3340 Β
724 3295 756 3342 12
776 3289 886 3358 ἀγορῶν
905 3289 981 3343 ABa
998 3291 1035 3360 ἀγ
1047 3333 1052 3344 .
1064 3300 1122 3363 ρῶν

107 3359 260 3500 ξίδθεθῃῃέλ
289 3361 360 3415 ὀκτὼ
382 3360 488 3431 ἡμέρας
511 3377 535 3413 ο.
559 3359 740 3414 Casaubonus
817 3365 850 3414 21
880 3361 1074 3426 διεξελθόντες
1096 3382 1121 3418 c.
