2424 3848
544 196 709 247 ,Θ-

121 353 282 439 γένωνται
302 357 519 441 στασιαζούσῃ
541 356 680 440 δυνάμει
699 365 737 441 τῇ
758 355 900 443 σφετέρᾳ
918 357 1000 436 πρὸς
1014 357 1132 441 ὁμονο-

121 471 226 546 οῦσαν
250 461 311 544 την
333 473 401 525 τῶν
418 465 585 546 πολεμίων
604 461 852 546 ἀντιταξάμενοι
872 461 1131 548 ὑπερβαλέσθαι·

120 567 229 634 ἐδόκει
252 564 280 632 τ’
304 567 415 644 αὐτοῖς
439 567 707 652 ὀχυρωσαμένοις
728 569 766 633 τά
786 570 988 654 στρατόπεδα
1007 573 1133 654 τρίβειν

120 677 179 740 τὸν
208 677 353 757 πόλεμον
381 673 625 760 ἐκδεχομένοις,
658 680 692 738 εί
715 698 789 739 τινα
818 677 917 740 δώσει
944 675 1134 753 πλεονεξίας

119 780 275 866 ἀφορμὴν
308 779 421 856 αὐτοῖς
449 782 487 845 τὸ
518 791 584 845 των
614 783 782 863 πολεμίων
812 781 940 865 θράσος
969 778 1133 869 ἀλογίστῳ
1161 803 1175 844 ε

119 888 364 974 καταφρονήσει
393 884 549 970 ἐπαρθέν.
595 884 833 970 ἀκροβολισμοὶ
861 886 902 969 δὴ
930 888 1010 970 μετὰ
1037 897 1133 952 τοῦτο

109 1003 270 1076 »συνεχεῖς
293 991 443 1075 ἐγίνοντο
462 990 517 1057 καὶ
535 998 643 1070 ψιλῶν
663 989 848 1076 συμπλοκαὶ
867 995 1028 1077 βραχεῖαι,
1052 991 1134 1130 μέγα

120 1097 194 1164 δ”
176 1125 195 1182 η
220 1101 370 1182 λαμπρὸν
393 1101 492 1183 ἔργον
516 1098 624 1163 οὐδέν.

188 1203 246 1268 Vl.
281 1205 326 1269 Οί
351 1201 388 1269 δέ
416 1203 582 1290 Τυρρηνοὶ
605 1204 788 1290 ἀχθόμενοι
811 1213 850 1289 τῇ
873 1207 969 1290 τριβη
992 1213 1052 1270 τοῦ
1075 1225 1134 1269 πο-

47 1308 222 1394 ιτὸιλέμου
248 1313 376 1376 δειλίαν
398 1309 426 1375 τ’
451 1312 622 1388 ὠνείδιζον
644 1322 712 1386 τοῖς
730 1308 914 1393 Ῥωμαίοις,
937 1309 1049 1394 ἐπειδὴ
1073 1309 1134 1375 οὐκ
1150 1339 1174 1376 ιο

120 1414 261 1503 ἐξῄεσαν
290 1420 337 1493 είς
366 1417 489 1502 μάχην,
520 1415 575 1481 καὶ
603 1417 647 1493 ὡς
674 1418 997 1502 παρακεχωρηκότων
1024 1417 1134 1482 αὐτῶν

121 1526 216 1608 σφίσι
242 1532 299 1605 τῆς
326 1523 496 1606 ὑπαίθρου
519 1519 608 1606 μέγα
638 1521 814 1608 ἐφρόνουν.
860 1519 914 1586 καί
937 1524 984 1586 ἐτι
1008 1528 1134 1606 μᾶλλον

121 1629 315 1713 ἐπήρθησαν
344 1631 391 1704 είς
417 1629 604 1713 ὑπεροψίαν
626 1637 686 1694 τοῦ
709 1627 890 1694 ἀντιπάλου
915 1638 1056 1713 στρατοῦ
1079 1626 1135 1694 καὶ

121 1738 370 1820 καταφρόνησιν
392 1746 460 1800 τῶν
483 1735 619 1800 ὑπάτων
643 1734 796 1813 δόξαντες
818 1733 873 1800 καὶ
896 1736 933 1800 τὸ
956 1741 1053 1800 θεῖον
1076 1724 1134 1803 αὑ,-

120 1854 190 1919 τοῑς
219 1852 411 1927 συμμαχεῖν.
457 1850 517 1906 τοῦ
540 1842 603 1928 γάρ
627 1839 740 1926 ἑτέρου
764 1852 830 1906 τῶν
844 1841 987 1914 ,ὑπάτων
1010 1829 1174 1944 Γναίουῑῗ5

120 1951 278 2013 Μαλλίου
306 1948 466 2030 κεραυνὸς
494 1948 542 2023 είς
564 1949 600 2012 τὸ
625 1950 822 2031 στρατήγιον
845 1946 994 2031 ἐμπεσὼν
1016 1950 1077 2030 την
1100 1971 1134 2012 τε

120 2054 248 2139 σκηνην
273 2050 427 2117 διέσπασε
451 2050 506 2117 καὶ
531 2052 591 2135 τὴν
611 2051 721 2118 ἑστίαν
741 2051 899 2138 ἀνέτρεψε
918 2051 971 2118 καὶ
990 2064 1057 2117 τῶν
1076 2055 1135 2118 πο-

122 2163 343 2244 λεμιστηρίων
357 2158 469 2223 ὅπλων
488 2158 528 2223 τά
548 2154 610 2242 μὲν
629 2157 799 2239 ἐσπίλωσε,
818 2158 857 2222 τδι
877 2153 913 2222 δέ
930 2157 1135 2241 περιέκαυσε,
1172 2239 1176 2246 ,

122 2268 162 2331 τδι
190 2263 221 2331 δ’
250 2267 297 2342 είς
319 2263 412 2341 τέλος
434 2265 613 2349 ἠφάνισεν·
644 2261 812 2328 ἀπέκτεινε
836 2259 873 2327 δέ
894 2262 949 2328 καὶ
973 2266 1031 2329 τὸν
1054 2269 1135 2348 λαμ-

112 2359 287 2458 πρότατον
312 2372 421 2437 αὑτοῦ
458 2381 525 2436 τῶν
557 2372 682 2452 ἵππων,
719 2362 745 2456 ᾧ
777 2371 864 2453 παρδι
896 2367 974 2445 τοὺς
1006 2369 1175 2452 ἀγῶναςιο

123 2479 252 2563 ἐχρῆτο,
274 2475 330 2543 καὶ
352 2489 419 2543 τῶν
441 2480 661 2562 θεραπόντων
683 2476 784 2552 τινάς.
822 2478 987 2558 λεγόντων
1008 2472 1045 2541 δέ
1067 2482 1170 2546 τῶν3

121 2585 273 2669 μάντεων
302 2593 362 2650 τοῦ
394 2608 428 2649 τε
460 2583 602 2670 χάρακος
633 2583 759 2647 ἅλωσιν
790 2586 1029 2667 προσημαίνειν
1059 2585 1136 2659 τοὺς

119 2693 225 2767 θεοὺς
247 2689 302 2755 καὶ
324 2701 392 2756 τῶν
415 2672 681 2774 ἐπιφανεστάτων
705 2687 838 2773 ἀνδρῶν
853 2687 1034 2772 Ιἀπώλειαν,
1057 2687 1135 2752 ἀνα-

123 2800 246 2881 στησας
280 2798 342 2880 την
379 2797 524 2879 δύναμιν
557 2796 574 2861 ὁ
607 2793 760 2869 Μάλλιος
792 2793 897 2876 ἀπῆγε
927 2793 1006 2879 περὶ,
1035 2793 1136 2877 μέσας

123 2905 244 2980 νύκτας
274 2900 327 2968 ἐπὶ
355 2905 415 2969 τὸν
441 2901 555 2986 ἕτερον
583 2900 709 2985 χάρακα
735 2897 791 2965 καὶ
818 2902 898 2985 μετὰ
926 2912 986 2966 τοῦ
1014 2900 1135 2986 συνάρ-
1150 2917 1176 2958 ω

123 3034 240 3097 χοντος
263 3005 610 3094 κατεστρατοπέδευσε.
648 3009 811 3090 μαθόντες
834 3002 897 3072 οὑν
915 3009 951 3073 οί
971 3006 1172 3092 Τυρρηνοὶ4

123 3119 186 3202 την
207 3116 433 3181 ἀπανάστασιν
452 3124 512 3181 τοῦ
531 3122 716 3199 στρατηγοῦ
734 3118 800 3196 καί,
824 3110 868 3178 δι’
887 3113 926 3189 ἃς
944 3116 1048 3189 αίτίας
1067 3111 1136 3196 ἐγέ-

197 3315 212 3362 3
237 3303 302 3378 ἐχορ
304 3305 457 3376 ωσαμένοις
479 3307 502 3360 Β
603 3311 636 3358 14
660 3306 755 3366 αὐτοῖς
775 3304 826 3357 ΑΒ
927 3312 958 3359 17
983 3302 1066 3359 ἀνὲστ
1067 3317 1136 3375 ρεψε

123 3379 177 3434 AB
196 3395 267 3434 corr.
287 3378 324 3446 S
324 3378 408 3448 lbur
515 3383 549 3430 22
569 3379 643 3445 etp
659 3382 711 3430 280
730 3394 755 3429 v
772 3383 803 3430 13
823 3325 1083 3499 προσημῖαί>υεινρ
1092 3376 1137 3430 Bb

125 3457 159 3506 2⁸1
180 3450 335 3504 ἀπόστασιν
355 3449 377 3503 Ο
388 3397 514 3520 8μιαοὺοτ
534 3449 554 3500 Β
576 3451 580 3518 1
600 3447 650 3501 καὶ
669 3446 723 3501 del.
743 3462 845 3502 essee.
864 3446 966 3501 K1ess
959 3465 1008 3518 mg
