2378 3840
506 215 673 264 -Η-

10 383 142 443 1541τοῠ
164 382 324 459 πρανοῦς,
351 373 396 450 ὡς
418 374 436 440 ὁ
461 375 640 459 στρατηγὸς
668 372 779 450 αὐτοῖς
801 371 957 438 ὑπέθετο·
985 370 1041 438 καὶ
1064 373 1099 438 οί

77 476 235 545 Βωλανοὶ
258 480 320 563 τὴν
338 478 466 563 ἀπάτην
485 480 547 546 οὐκ
565 481 688 556 είόότες
707 478 846 544 ἐδίωκον
866 479 942 564 ἀχρι
960 483 1096 545 πολλοῦ.

79 583 151 652 ἐπεὶ
179 582 217 651 δὲ
245 588 359 672 πρόσω
382 594 440 670 τῆς
461 590 589 664 πόλεως
611 584 781 669 ἐγένοντο,
809 589 894 670 ἔχων
921 588 1000 662 τοὺς
1027 585 1096 651 ἐπι-

80 690 218 769 λέκτονς
248 703 316 758 τῶν
346 690 434 758 νέων
466 693 484 759 ὁ
512 692 665 777 Μάρκιος
697 692 796 776 ὁμόσε
824 702 894 768 τοῖς
924 696 1097 769 Βωλανοῖς

80 797 211 884 ἐχώρει·
239 795 295 864 καὶ
322 801 447 882 γίνεται
473 800 578 875 πολὺς
601 799 710 864 αὐτῶν
733 798 880 863 ἐνταῦθα
903 802 1006 883 φόνος
1028 810 1095 865 τῶν
1125 816 1138 858 ε

81 901 144 991 μὲν
172 902 407 989 ἀμυνομένων,
434 915 502 970 τῶν
530 901 568 970 δὲ
595 908 799 990 φευγόντων.
849 905 867 971 ὁ
896 903 927 970 θ’
958 905 1133 972 ἀκολου-4

79 1017 157 1077 θῶν
192 1023 263 1088 τοῖς
299 1008 351 1076 ἐπὶ
387 1012 448 1095 την
482 1014 580 1077 πόλιν
611 1009 819 1095 ὠθουμένοις
850 1012 987 1097 φθίνει,
1017 1011 1097 1098 πρὶν

82 1117 328 1205 ἐπιρραχθῆναι
355 1119 413 1194 τὰς
438 1118 545 1195 πύλας
570 1118 818 1203 είςβιασάμενος
844 1120 892 1195 είς
918 1120 955 1184 τὸ
984 1131 1097 1203 τεῖχος.

81 1224 126 1301 ὡς
150 1221 181 1290 δ’
209 1224 227 1290 ὁ
252 1225 430 1309 στρατηγὸς
453 1222 536 1302 ἀπαξ
561 1223 720 1310 ἐγκρατὴς
738 1235 805 1290 τῶν
823 1229 938 1290 πυλῶν
957 1222 1098 1308 ἐγένετο,

80 1331 263 1414 ἠκολούθει
289 1328 344 1395 καὶ
371 1332 408 1395 τὸ
436 1330 517 1396 ἀλλο
544 1340 612 1396 τῶν
641 1331 864 1397 Οὐολούσκων
890 1335 1035 1415 πλῆθος,
1063 1330 1098 1394 οί
1111 1347 1141 1387 1⁰

82 1433 121 1502 δέ
154 1434 309 1503 Βωλανοὶ
345 1438 382 1503 τὸ
419 1447 527 1522 τεῖχος
558 1435 746 1514 ἐκλιπόντες
782 1439 925 1523 ἔφευγον
957 1434 1011 1501 ἐπὶ
1042 1437 1099 1512 τὰς

83 1546 200 1621 οἰκίας.
245 1546 424 1628 γενόμενος
454 1540 492 1609 δέ
521 1541 577 1608 καὶ
604 1545 724 1629 ταύτης
750 1545 864 1630 κύριος
891 1552 948 1627 τῆς
974 1545 1100 1620 πόλεως

83 1649 240 1737 ἐπέτρεψε
262 1661 332 1727 τοῖς
354 1652 566 1736 στρατιώταις
588 1651 628 1715 τά
650 1674 685 1716 τε
706 1652 839 1735 σώματα
862 1649 1099 1736 ἐξανδραποδί-

84 1761 212 1820 σασθαι
233 1752 290 1819 καὶ
311 1755 352 1820 τά
374 1757 524 1840 χρήματα
548 1755 728 1841 ἀιαρπάσαι
750 1753 804 1820 καὶ
827 1757 885 1821 τὸν
905 1757 1007 1822 αὐτὸν
1025 1758 1099 1842 τρό-

83 1883 151 1928 πον
174 1862 285 1946 ὥσπερ
306 1857 362 1925 καὶ
385 1862 547 1947 πρότερον
570 1862 702 1926 ἀπασαν
725 1859 898 1945 ἐκκομίσας
924 1862 984 1944 τὴν
1007 1866 1100 1927 λείαν
1115 1877 1141 1919 15

85 1971 152 2034 σὺν
183 1970 294 2056 χρόνῳ
320 1988 355 2032 τε
382 1963 438 2032 καὶ
464 1967 547 2032 κατὰ
573 1969 701 2052 πολλὴν
725 1966 878 2045 ἐξουσίαν
900 1969 981 2052 μετὰ
1002 1976 1100 2033 τοῦτο

87 2076 150 2159 την
173 2076 273 2141 πόλιν
297 2071 484 2159 ἐνέπρησεν.

155 2179 295 2246 XVHII.
325 2176 504 2245 Ἐντεῦθεν
528 2176 565 2244 δέ
583 2179 644 2262 την
663 2180 807 2264 δύναμιν
826 2179 1003 2265 ἀναλαβὼν
1021 2175 1102 2265 ἦγεν

15 2286 142 2358 Ιόεεέπὶ
171 2289 250 2364 τοὺς
279 2284 505 2370 καλουμένους
531 2287 750 2371 Λαβικανούς.
800 2282 843 2371 ην
873 2283 910 2353 δὲ
936 2286 992 2353 καὶ
1020 2288 1101 2371 αὕτη

85 2398 161 2461 τότε
179 2396 335 2459 Λατίνων
352 2393 373 2477 η
391 2395 488 2470 πόλις
502 2389 708 2477 Ἀλβανῶν
691 2393 800 2480 ώσπερ
818 2391 874 2459 καὶ
892 2395 1028 2459 ἀλλαι”
1007 2416 1101 2461 αποι-
1116 2409 1143 2449 2⁰

85 2525 154 2578 κος.
199 2497 471 2584 καταπλήξασθαι
494 2494 531 2564 δέ
554 2500 758 2584 βουλόμενος
778 2503 856 2577 τοὺς
874 2502 974 2567 ἔνθου
993 2503 1103 2566 ἔκαιεν

86 2608 200 2674 αὐτῶν
221 2607 283 2691 τὴν
305 2606 418 2692 χώραν
440 2606 545 2682 εὐθὺς
568 2604 681 2690 ἐπιών,
703 2606 786 2671 ὅθεν
804 2606 944 2690 μάλιστα
963 2608 1102 2690 ἔμελλον

86 2716 233 2793 ὄψεσθαι
259 2711 320 2795 την
342 2715 460 2798 φλόγα.
506 2712 542 2777 οί
566 2707 604 2777 δὲ
625 2708 811 2796 Λαβικανοὶ
838 2721 944 2796 τεῖχος
967 2706 1004 2777 εὖ
1026 2735 1103 2776 κατ-

87 2816 333 2904 εσκευασμένον
360 2820 491 2903 ἔχοντες
523 2818 600 2884 οὔτε
631 2818 881 2902 κατεπλάγησαν
911 2819 1014 2882 αὐτοῦ
1041 2817 1102 2901 τὴν

88 2928 213 3012 ἔφοδον
237 2925 314 2991 οὔτε
341 2926 491 3010 μαλακὸν
518 2922 679 2990 ἐνέδοσαν
708 2922 823 3007 οὐδέν,
851 2918 923 2989 ἀλλ’
950 2922 1144 3008 ἀντείχοντο

161 3116 284 3186 Ιλφθύ.
299 3135 343 3173 νει
365 3116 388 3170 Β
478 3122 495 3172 8
519 3110 718 3198 ἐκβιασάμενοι
746 3115 769 3170 Ο
796 3109 997 3184 ἐκπαισάμενοι
1024 3116 1103 3183 Amg

90 3186 237 3279 είςβιασάμ
238 3208 297 3244 ενοι
324 3203 347 3242 ο.
366 3186 457 3242 Cobet
474 3187 577 3242 Variae
596 3187 673 3242 Ιιοολ
691 3206 719 3257 p.
734 3192 787 3242 280
878 3192 910 3239 12
929 3185 1037 3257 κύριος]
1058 3181 1104 3255 ἐγ-

89 3280 107 3313 κ
108 3258 193 3328 ρατής
210 3259 237 3314 A
309 3265 342 3313 19
361 3258 431 3327 αύτὴ
452 3257 530 3313 Ο”
494 3278 564 3326 αυτη
585 3257 707 3327 ὃγΙῙνιιες
779 3256 881 3313 20*ω
860 3255 952 3327 ωσπερ
966 3256 1015 3310 καὶ
1034 3256 1102 3325 ἀλλη

91 3329 163 3396 Ο,ὥ
142 3347 234 3401 ωσπερ
253 3326 287 3384 αλ
303 3328 385 3384 ἄλλαι
403 3328 566 3399 ὃγΙοαεςῶ
545 3346 636 3399 ωσπερ
656 3328 705 3382 καλ
723 3327 805 3382 ἀλλαι
824 3344 877 3397 ego
949 3335 982 3383 22
1003 3323 1102 3398 ἐπιὼν]

90 3371 222 3457 είπὼνΔ
312 3407 346 3455 23
339 3396 740 3528 ἐγκατᾊ>σκευασμένονΒ
766 3395 1060 3490 ἐγκατασκενααμένον
1078 3399 1104 3452 R

90 3470 121 3529 εὖ
140 3469 431 3543 κατεσκευασμένονο
484 3470 592 3526 elenius
