2424 3848
545 196 712 249 -Θ-
1070 197 1135 263 387

120 350 222 420 οὐδὲν
243 351 335 440 ὑγιὲς
357 365 621 442 φρονοῦντες-
639 359 793 442 φυλακήν
818 354 932 445 ἑτέραν
954 355 1091 444 πέμψαι,
1114 359 1135 443 ἣ

120 463 233 546 ἔμελλε
258 459 302 527 δι’
325 461 506 547 ἀσφαλείας
524 461 609 541 ἕξειν
626 465 689 549 τήν
707 467 820 530 πόλιν·
844 462 898 530 ἐπὶ
917 461 948 529 δ’
966 467 1136 544 Αίκανούς

119 569 215 651 άγειν
237 569 298 652 τήν
322 569 479 653 στρατιάν
502 571 562 634 τὸν
584 569 698 657 ἕτερον
721 582 788 636 τών
811 571 946 636 ὑπάτων
967 573 1134 660 Σερούιον

121 673 286 760 Φούριον·
317 672 373 740 καὶ
397 673 524 758 ἐγίνετο
547 687 659 762 ταχεῖα
681 676 808 763 ἀμφοῖν
831 676 852 760 ή
876 675 996 756 ἔξοδος.
1044 680 1080 746 ολ
1100 677 1170 746 δ’4

118 777 261 846 Αἰκανοί
293 783 458 865 μαθόντες
487 780 728 866 ἐξεληλυθυῖαν
755 785 816 867 τήν
838 780 1008 868 Ῥωμαίων
1036 802 1134 872 στρα-
1162 807 1176 848 ε

118 885 204 968 τιάν,
223 886 423 965 ἀναστάντες
441 886 477 952 ἐκ
490 895 548 971 τῆς
555 885 718 974 Ἑρνίκων
733 886 882 975 ἐχώρουν
897 889 1009 966 αὐτοῖς
1023 891 1134 975 ὁμόσε.

118 990 190 1057 ἐπεί
217 989 247 1057 δ’
275 987 368 1059 εἶδον
395 992 574 1078 ἀλλήλους,
604 992 735 1078 ἐκείνην
763 991 824 1079 μδν
851 997 913 1080 τήν
940 993 1068 1079 ἡμέραν
1092 997 1134 1062 ού

117 1100 204 1164 πολύ
233 1098 424 1177 διαστάντες
451 1098 831 1187 κατεστρατοπέδευσαν,
859 1111 898 1188 τῆ
927 1099 957 1167 δ’
984 1099 1057 1186 έξῆς
1081 1101 1135 1168 ἐπὶ

116 1206 178 1270 τὸν
199 1204 326 1291 χάρακα
347 1216 415 1272 τών
432 1204 602 1292 Ῥωμαίων
625 1207 661 1274 οί
680 1205 832 1293 πολέμιοι
855 1202 937 1292 ήκον
961 1209 1134 1296 διάπειραν

118 1311 229 1376 αὐτῶν
250 1320 308 1396 τῆς
329 1314 464 1398 γνώμης
486 1316 677 1398 ληψόμενοι.
714 1314 759 1392 ώς
783 1311 813 1380 δ’
840 1314 902 1381 οὐκ
925 1312 1062 1402 ἐξῄεσαν
1085 1298 1174 1413 είςξ)0

46 1417 239 1503 1921μάχην,
261 1417 516 1505 ἀκροβολισμοῖς
537 1420 739 1507 χρησάμενοι
763 1419 818 1487 καὶ
837 1417 938 1488 οὐδὲν
956 1420 1133 1506 ἀξιόλογον

118 1524 299 1609 δράσαντες
326 1527 390 1592 σὺν
417 1525 549 1615 μεγάλφ
577 1524 739 1610 αὐχήματι
767 1527 936 1611 ἀπῆλθον.Ι
975 1529 993 1594 δ
1017 1526 1133 1614 μέντοι

110 1627 280 1714 Ῥωμαίων
301 1631 426 1709 ὕπατος
449 1630 591 1698 ἐκλιπὼν
613 1633 673 1697 τὸν
695 1632 824 1719 χάρακα
845 1642 885 1719 τῆ
909 1633 1061 1721 ἐπιούσῃ·
1091 1636 1130 1700 τὸ

116 1737 180 1822 γάρ
203 1740 326 1823 χωρίον
349 1739 390 1805 ού
413 1741 489 1804 λίαν
508 1733 654 1823 ἀσφαλὲς
671 1732 728 1823 ήν·
752 1744 1132 1829 μετεστρατοπεδεύσατο

117 1841 155 1908 ἐν
177 1841 439 1932 ἐπιτηδειοτέρῳ,
462 1844 547 1909 ἔνθα
568 1844 697 1931 τάφρον
720 1843 748 1911 τ’
772 1846 921 1934 ὠρύξατο
939 1845 1131 1936 βαθυτέραν
1146 1871 1172 1912 ιε

116 1946 172 2014 καὶ
203 1949 329 2035 χάρακα
361 1948 496 2033 ἐβάλετο
527 1949 744 2035 ὑψηλότερον.
794 1964 863 2031 τοῖς
895 1949 932 2018 δὲ
963 1957 1133 2038 πολεμίοις

116 2053 215 2121 ταῦθ’
244 2055 346 2138 ὁρῶσι
373 2057 459 2120 πολὺ
487 2056 615 2142 θράσος
636 2057 869 2142 προσεγένετο·
901 2055 957 2124 καὶ
980 2060 1027 2123 ἔτι
1050 2063 1132 2142 μᾶλ-

117 2165 195 2244 λον,
225 2158 337 2244 ἐπειδή
368 2161 537 2247 σύμμαχος
565 2160 678 2238 αὐτοῖς
707 2160 845 2246 ἀφίκετο
876 2163 1011 2249 στρατιά
1041 2163 1131 2248 παρά

116 2274 178 2332 τοῦ
208 2265 431 2332 Οὐολούσκων
459 2290 493 2334 τε
523 2265 579 2333 καὶ
602 2269 760 2333 Αἰκανῶν
787 2269 925 2352 έθνους,
955 2262 1056 2334 οὐδὲν
1083 2269 1131 2333 ἔτι

117 2374 394 2459 διαμελλήσαντες
417 2373 540 2458 ἐπῆγον
562 2382 608 2464 τῷ
626 2372 795 2459 Ῥωμαίων
816 2374 944 2460 χάρακι.
1142 2398 1171 2439 ιο

183 2468 301 2547 LXIII.
332 2476 369 2545 ‘0
392 2478 422 2546 δ’
449 2480 574 2558 ὕπατος
596 2479 861 2566 ἐνθυμούμενος,
884 2480 935 2546 δτι
958 2480 1019 2547 οὐκ
1043 2478 1132 2559 ἀξιό-

117 2609 220 2671 μαχος
251 2587 341 2653 ἔσται
372 2586 393 2670 ή
421 2591 486 2653 σὺν
513 2587 602 2675 αὐτῷ
629 2588 770 2672 δύναμις
796 2585 1021 2672 ἀγωνιζομένη
1048 2589 1132 2673 πρὸς

118 2692 287 2779 ἀμφύτερα
309 2694 348 2760 τδ
371 2696 467 2780 ἔθνη,
489 2691 608 2779 πέμπει
629 2694 723 2771 τινάς
741 2693 777 2760 ἐκ
795 2704 862 2760 τών
882 2692 1007 2759 ίππέών
1027 2693 1132 2781 γράμ-

116 2821 203 2884 ματα
227 2801 273 2878 είς
294 2802 355 2885 τήν
373 2797 499 2886 Ῥώμην
521 2803 726 2885 κομίζοντας,
750 2796 793 2865 δι’
817 2794 865 2866 ὧν
883 2798 978 2885 ήξίου
996 2811 1131 2886 ταχεῖαν

117 2904 229 2984 αὐτοῖς
251 2903 365 2973 ἐλθεῖν
388 2905 592 2993 ἐπικουρίαν,
615 2907 659 2984 ώς
669 2908 942 2991 κινδυνευούσης
959 2906 1038 2990 ὅλης
1056 2906 1128 2971 δια·
1143 2922 1169 2964 2⁶

117 3017 290 3099 φθαρῆναι
311 3019 369 3097 τῆς
392 3015 455 3080 σύν
478 3011 567 3101 αὐτῷ
587 3021 750 3098 στρατιᾶς.
787 3010 877 3079 ταῦτ’
899 3011 1164 3097 ἐπιλεξάμενυς2

189 3243 251 3307 4φ
229 3238 320 3332 φρούρ
304 3257 367 3310 ριον
384 3239 437 3292 AB
541 3236 621 3302 θείς
638 3238 690 3308 τήν
709 3236 846 3324 Ερνίκοιν
865 3239 888 3294 Ο
910 3256 979 3295 corr
999 3238 1130 3295 Gelenius

119 3308 179 3364 Ἰώ
181 3308 299 3379 φθησάν
318 3310 415 3365 τεκαλ
434 3307 553 3366 ιλδονο.
573 3309 735 3365 dubitanter
752 3310 875 3366 Kiesslin
970 3317 1002 3366 19
1027 3308 1131 3373 ἔθνους

163 3330 315 3436 ούδὲνΒ
400 3388 434 3437 20
458 3379 675 3450 διαμελλήσαντες
693 3381 740 3437 Bb
821 3388 856 3438 22
877 3328 951 3439 ἐστιν
969 3383 1015 3437 Ba
1096 3387 1131 3438 26

116 3424 164 3508 ἐπι
163 3423 317 3522 δεξάμενος
334 3451 360 3504 Α

917 3544 970 3600 25*
