2424 3848
496 191 664 244 -Θ-
1021 193 1086 258 319

71 355 134 418 κὸν
168 349 220 416 ἐπὶ
251 362 321 428 τοῖς
351 350 469 436 πένησι
497 349 761 438 μηχανωμένων,
792 353 847 420 καὶ
874 351 993 439 πάνθ’,
1025 356 1086 421 ὅσα

72 460 203 524 πώποτε
241 459 335 523 δεινά
370 456 492 542 συνέβη
524 460 606 523 κατὰ
637 461 700 543 τῆν
731 458 934 547 ἀτέκμαρτόν
966 484 1001 526 τε
1031 460 1086 527 καὶ

73 565 266 650 ἀφύλακτον
294 562 486 650 ἀνθρώποις
513 565 631 650 τύχην,
659 564 796 631 ἐκείνων
820 567 900 652 ἔργα
922 564 1086 652 λέγοντες,

26 672 233 758 ι1κὺβριστδις
259 665 345 735 εἶναι
371 673 510 756 πικρούς
538 668 777 757 ἐξειργάσαντο.
823 675 986 751 τοιούτοις
1009 675 1123 739 συν-4

73 780 226 863 εχόμενοι
253 787 365 853 κακοῖς
392 777 428 841 σί
451 775 571 841 ύπατοι
598 774 763 861 πέμπουσι
791 781 869 856 τοὺς
895 795 1086 864 συνωνησο-
1113 800 1126 842 ε

74 881 196 968 μένους
227 893 320 948 σῖτον
352 882 388 947 ἐκ
418 892 485 947 τῶν
517 884 680 967 σύνεγγυς
706 886 818 949 τόπων
846 886 927 968 μετά
954 890 1087 951 πολλῶν

74 975 266 1076 χρημάτων,
292 985 347 1053 καὶ
374 990 433 1054 τὸν
466 988 502 1054 έν
525 1000 596 1066 ταῖς
619 990 738 1067 οἰκίαις
761 987 878 1068 ἔταξαν
899 991 947 1067 είς
968 993 1006 1056 τὸ
1030 993 1088 1075 δη-

74 1100 196 1180 μόσιον
222 1091 402 1179 ἀναφέρειν
429 1098 508 1172 τοὺς
535 1097 583 1172 είς
609 1098 668 1162 τὸν
696 1093 823 1162 ἑαυτῶν
850 1099 927 1180 βίον
950 1100 1088 1162 πλείονα

74 1212 136 1268 τοῦ
155 1205 290 1287 μετρίου
303 1199 568 1287 παραθεμένους,
586 1204 684 1287 τιμῆν
699 1203 869 1288 ὁρίσαντες
882 1203 1087 1288 ἀποχρῶσαν.

74 1317 179 1374 ταῦτα
198 1309 239 1391 δῆ
258 1305 313 1372 καὶ
332 1309 416 1373 άλλα
434 1309 541 1373 πολλὰ
554 1309 786 1393 μηχανώμενοι
800 1317 935 1374 τοιαῦτα
948 1307 1088 1395 ἐπέσχον
1103 1330 1128 1370 10

74 1424 143 1481 τῶν
167 1416 318 1497 πενήτων
344 1415 402 1490 τὰς
424 1417 632 1500 παρανομίας
653 1412 709 1479 καὶ
731 1413 944 1501 ἀναστροφὴν
968 1416 1088 1499 ἔλαβον

74 1529 133 1604 τῆς
155 1521 203 1597 είς
224 1522 283 1586 τὸν
307 1523 452 1604 πόλεμον
475 1528 694 1607 παρασκευῆς.

143 1624 269 1699 XXVI„
291 1624 382 1691 Ἰάιεὶ
405 1624 436 1690 δ’
457 1628 495 1690 αί
515 1623 576 1711 μὲν
599 1625 725 1705 ἐξωθεν
749 1626 936 1713 ἐβράδυνον
959 1626 1090 1713 άγοραί,

26 1734 117 1802 ιιετά
136 1729 169 1797 δ’
186 1730 279 1809 ἐντὸς
296 1735 424 1817 τείχους
442 1740 567 1818 τροφῆς
585 1731 724 1818 ε’χόμενα
742 1734 849 1799 πάντα
866 1733 1089 1817 κατανάλωτο,

76 1838 271 1923 ἀποστροφῆ
291 1833 329 1903 δέ
346 1849 413 1904 τῶν
431 1850 542 1904 κακῶν
560 1838 699 1924 οὐδεμία
714 1835 757 1923 ῆν
774 1837 879 1927 ἑτέρα,
897 1839 981 1905 ἀλλά
996 1841 1089 1905 δυεῖν
1104 1859 1129 1900 15

75 1945 222 2030 θάτερον
246 1943 358 2030 ἐχρῆν,
380 1944 401 2028 ῆ
424 1948 502 2022 τοὺς
523 1949 702 2030 πολεμίους
724 1946 876 2030 ἐκβαλεῖν
899 1944 935 2010 ἐκ
953 1953 1010 2028 τῆς
1027 1947 1090 2030 χῶ-

77 2074 137 2137 ρας
164 2048 273 2137 άπάση
302 2050 442 2134 δυνάμει
469 2053 854 2137 παρακινδυνεύσαντας,
884 2051 905 2134 ῆ
932 2052 1090 2136 τειχήρεις

77 2156 238 2242 μένοντας
264 2156 329 2221 ὑπὸ
358 2161 457 2240 λιμοῦ
479 2179 514 2221 τε
537 2154 592 2222 καὶ
615 2157 758 2233 στάσεως
781 2159 1025 2242 διαφθαρῆναι,
1052 2158 1089 2221 τὸ

77 2266 284 2348 κουφότερον
307 2262 500 2348 αίρούμενοι
522 2274 589 2328 τῶν
612 2273 722 2328 κακῶν
741 2264 890 2346 ἔγνωσαν
910 2261 1009 2346 ὁμόσε
1027 2285 1090 2347 χω-
1171 2304 1190 2338 ς

78 2380 150 2456 ρεῖν
178 2378 248 2444 τοῖς
273 2367 309 2433 ἐκ
331 2379 398 2434 τῶν
420 2371 588 2453 πολεμίων
611 2370 742 2445 δεινοῖς.
786 2370 1031 2452 προαγαγόντες
1054 2351 1131 2464 δέξο

78 2477 137 2552 τάς
161 2474 318 2559 δυνάμεις
341 2474 377 2540 ἐκ
399 2482 458 2558 τῆς
480 2478 606 2553 πόλεως
627 2472 703 2561 περὶ
725 2472 826 2559 μέσας
843 2475 964 2549 νύκτας
983 2472 1091 2558 διέβη-

79 2598 143 2647 σαν
170 2583 230 2646 τὸν
257 2582 405 2665 ποταμὸν
429 2577 481 2644 ἐπὶ
505 2582 650 2666 σχεδίαις
670 2584 738 2663 καί,
760 2577 840 2665 πρὶν
862 2576 988 2665 ῆμέραν
1012 2585 1092 2664 λαμ-

79 2688 168 2773 πράν
191 2684 365 2770 γενέσθαι,
393 2689 536 2770 πλησίον
558 2697 626 2752 τῶν
648 2689 816 2771 πολεμίων
838 2683 1092 2773 κατεστρατοπέ-

79 2797 213 2864 δευσαν.
258 2802 297 2878 τῆ
321 2790 353 2859 δ’
374 2791 447 2876 ἑξῆς
468 2791 574 2881 ῆμέρηι
595 2797 818 2879 προελθόντες
840 2791 956 2870 ἐταξαν
980 2793 1023 2870 ῶς
1045 2793 1092 2870 είς

80 2900 190 2986 μάχην
212 2902 272 2964 τὸν
295 2902 446 2985 στρατόν.
484 2894 551 2984 εἶχε
574 2895 611 2965 δὲ
633 2901 671 2965 τὸ
695 2896 756 2984 μὲν
780 2898 890 2978 δεξιὸν
911 2909 978 2965 τῶν
996 2898 1092 2984 κερά-
1106 2914 1131 2957 2⁵

79 3030 148 3072 των
173 3005 380 3091 Οὐεργίνιος,
401 3007 439 3070 τὸ
463 3002 493 3070 δ’
521 3004 695 3090 εὐώνυμον
718 3009 923 3091 Σερουίλιος.
964 3007 1125 3081 ίδύντες3

865 3159 967 3234 συνέβη

151 3238 167 3286 2
188 3229 289 3306 συνέβη
310 3231 408 3287 addidi
425 3249 441 3286 e
461 3232 493 3300 Ο,
513 3231 563 3300 qui
581 3234 641 3288 cod.
661 3233 749 3287 habet
767 3232 849 3287 δεινὰ
867 3231 939 3287 κατὰ
957 3230 1008 3300 τῆν
1075 3237 1091 3284 5

78 3302 220 3374 κάμπτουσι
237 3303 343 3372 ACmg
362 3302 430 3359 ὥστε
448 3302 498 3358 Bc
557 3304 641 3358 7vbv
659 3303 685 3357 A
702 3304 798 3358 τῶνΒ
860 3299 1093 3372 θάποθεμένονς

80 3393 102 3430 ο.
118 3374 192 3430 smit
210 3373 276 3430 Obs.
294 3393 322 3445 p.
337 3379 371 3430 39
445 3380 477 3429 11
497 3369 670 3445 ἐπιστροφὴν
689 3391 712 3430 ο.
728 3373 887 3441 Stephanus
961 3377 995 3428 14
1014 3368 1093 3436 ἐντὸς

79 3455 129 3501 τοῦ
148 3446 295 3515 τείχουςΑ
311 3451 315 3517 Ι
331 3444 593 3518 κατανάλω<το>Β
648 3453 682 3501 20
701 3444 736 3514 δὴ
751 3443 826 3499 Prou
879 3450 914 3500 24
933 3444 970 3507 ὡς
988 3443 1090 3500 add.13
