2424 3848
553 166 720 218 ..Θ-

130 327 339 411 Καλλιάδου,
371 325 447 392 καθ’
480 327 521 393 δν
552 330 676 413 χρόνον
709 327 902 412 ἐστράτευσε
935 326 1058 413 Ξέρξης
1091 326 1143 395 ἐπὶ

91 437 112 501 2
131 435 191 518 τήν
205 432 356 498 Ἑλλάδα.
393 434 468 518 άρτι
492 429 529 498 δὲ
551 437 804 518 παρειληφότων
828 435 939 499 αὐτῶν
958 434 1020 517 τήν
1039 434 1144 521 άρχήν

131 542 287 604 Λατίνων
314 562 349 603 τε
376 537 530 623 πρέσβεις
557 533 640 622 ήκον
668 536 721 603 ἐπὶ
751 540 812 623 τὴν
839 541 967 624 βουλὴν
992 543 1145 626 δεόμενοι

130 642 255 729 πέμψαι
279 648 373 729 σφίσι
395 647 455 710 τὸν
475 643 588 729 ἕτερον
605 656 672 710 τῶν
695 644 831 718 ὑπάτων
855 647 935 730 μετά
959 648 1146 733 δυνάμεως,

106 751 169 827 σὸς
198 752 260 817 οὐκ
290 750 378 816 ἐάσει
407 750 605 835 προσωτέρω
634 762 755 837 χωρεῖν
781 751 843 834 τὴν
866 754 1024 819 Αἰκανῶν
1047 778 1146 820 κατα-

131 861 313 943 φρόνησιν,
344 855 399 922 καὶ
433 859 601 943 Τυρρηνία
628 866 716 922 πᾶσα
743 856 920 941 ἠγγέλλετο
947 859 1146 947 κεκινημένη

131 961 186 1029 καὶ
210 964 250 1029 οὐ
274 965 330 1028 διά
353 972 481 1047 μακροῦ
504 964 702 1049 χωρήσουσα
721 966 768 1039 είς
790 966 944 1048 πόλεμον.
991 970 1146 1053 συνήχθη

131 1071 195 1156 γάρ
219 1072 267 1146 είς
290 1070 408 1152 κοινὴν
432 1069 608 1152 ἐκκλησίαν
630 1071 667 1134 τὸ
692 1072 803 1154 ἐθνος,
826 1068 882 1134 καὶ
900 1073 1007 1136 πολλά
1027 1073 1148 1140 Οὐιεν-

113 1187 242 1260 τανῶν
275 1174 466 1260 δεηθέντων
494 1175 706 1259 συνάρασθαι
738 1180 833 1260 σφίσι
868 1185 928 1241 τοῦ
959 1179 1043 1242 κατά
1071 1175 1149 1246 Ῥω-

93 1306 119 1345 10
132 1287 240 1367 μαίων
267 1279 431 1366 πολέμου,
458 1280 551 1358 τέλος
579 1280 752 1365 ἐξήνεγκεν
780 1280 901 1360 ἐξεῖναι
928 1295 998 1360 τοϊς
1025 1289 1149 1368 βουλο-

132 1387 246 1473 μένοις
273 1390 455 1471 Τυρρηνῶν
479 1384 627 1472 μετέχειν
649 1395 707 1477 τής
730 1391 912 1472 στρατείας·
936 1387 991 1453 καὶ
1015 1388 1148 1472 ἐγένετο

131 1492 202 1580 χεὶρ
231 1491 406 1579 ἀξιόμαχος
433 1493 453 1577 ἡ
482 1504 551 1569 τοϊς
576 1493 791 1570 Οὐιεντανοῖς
819 1491 977 1573 ἑκουσίως
1004 1506 1066 1562 τοῦ
1089 1520 1150 1563 πο-

132 1598 234 1683 λέμου
273 1597 494 1686 συναραμένη.
552 1608 655 1664 ταῦτα
691 1606 839 1684 μαθοῦσι
875 1612 945 1677 τοῖς
982 1601 1020 1667 ἐν
1060 1602 1149 1670 τέλει

127 1704 296 1789 Ῥωμαίων
315 1704 407 1784 ἔδοξε
427 1705 579 1790 στρατιάς
597 1730 632 1770 τε
651 1706 876 1791 καταγράφειν
893 1705 948 1772 καὶ
966 1711 1046 1786 τοὺς
1064 1709 1211 1779 {md-174(

95 1834 120 1874 15
133 1837 211 1890 τους
236 1811 444 1898 ἀμφοτέρους
472 1809 608 1896 ἐξιέναι,
636 1813 695 1878 τὸν
723 1809 784 1897 μέν
807 1816 966 1892 Αίκανοίς
992 1839 1027 1880 τε
1050 1823 1150 1883 πολε-

17 1921 37 1944 ”
135 1922 282 2004 μήσοντα
309 1917 364 1985 καὶ
386 1923 545 1995 Λατίνοις
572 1922 719 2006 τιμωρὸν
747 1919 922 2004 ἐσόμενον,
950 1923 1009 1986 τὸν
1033 1919 1067 1986 δ’
1096 1921 1149 1988 ἐπὶ

100 2032 121 2096 3
141 2029 327 2113 Τυρρηνίας
350 2026 471 2105 άξοντα
493 2027 551 2103 τάς
575 2025 741 2110 δυνάμεις.
786 2024 984 2113 άντέπραττε
1005 2024 1042 2092 δέ
1065 2032 1150 2116 πρὸς

96 2134 97 2138 ’
133 2142 236 2198 ταῦτα
263 2137 411 2218 Σπόριος
434 2130 565 2208 Ἰκίλιος
592 2143 660 2198 τῶν
687 2132 865 2219 δημάρχων
892 2125 952 2210 εἷς·
983 2131 1039 2199 καὶ
1069 2151 1149 2201 συν-

135 2239 226 2322 άγων
249 2241 297 2317 είς
320 2238 496 2323 ἐκκλησίαν
518 2241 578 2304 τὸν
602 2240 709 2323 δήμου
732 2236 890 2323 ὁσημέραι
913 2240 972 2316 τάς
993 2239 1071 2326 περὶ
1093 2250 1150 2326 τῆς

94 2349 332 2431 εοκληρουχίας
359 2342 551 2431 ὑποσχέσεις
578 2341 694 2431 άπήτει
729 2345 818 2431 παρά
849 2353 906 2428 τής
937 2350 1062 2429 βουλής
1093 2345 1150 2413 καὶ

134 2447 236 2517 οὐδὲν
263 2454 326 2536 ἐφη
356 2453 583 2537 συγχωρήσειν
613 2453 689 2517 οὔτε
717 2463 784 2517 τῶν
816 2449 869 2516 ἐπὶ
896 2455 1042 2536 πόλεμον
1072 2455 1149 2519 οὔτε

133 2569 201 2623 τῶν
219 2559 300 2623 κατά
317 2542 417 2624 πόλιν
435 2554 489 2621 ὑπ’
513 2556 614 2641 αὐτής
630 2555 865 2643 ψηφιζομένων
884 2558 1149 2644 ἐπιτελεσθῆναι,

134 2664 194 2730 ἐάν
221 2665 265 2748 μή
295 2667 373 2740 τοὺς
401 2661 479 2728 δέκα
509 2664 634 2746 άνδρας
661 2663 860 2742 ἀποδείξωσι
886 2667 1051 2748 πρότερον
1080 2665 1149 2751 ὁρι-

135 2772 213 2846 στάς
235 2779 293 2854 τής
321 2772 480 2854 δημοσίας
507 2770 630 2854 χώρας,
658 2767 713 2833 καὶ
742 2768 877 2835 διέλωσι
906 2770 968 2853 τήν
995 2779 1077 2855 γήν,
1105 2772 1150 2849 ὡς

207 3005 220 3053 1
241 2999 328 3053 verba
346 2996 417 3053 καθ’
438 3013 528 3067 usque
547 2996 585 3051 ad
603 2996 667 3067 άρτι
686 3014 740 3053 om.
759 2998 810 3051 Ba,
828 2997 892 3051 add.
912 2998 1014 3068 Bbmg
1030 2997 1034 3070 Ι
1052 2994 1150 3070 ἐστρα-

136 3069 288 3126 τοπέδευσε
308 3069 330 3125 Ο
351 3086 419 3125 corr.
439 3069 540 3124 Porssus
613 3076 629 3122 2
648 3066 680 3122 δὲ
700 3085 755 3123 om.
769 3069 793 3121 Β
809 3071 814 3139 Ι
830 3069 922 3123 αὐτῶν
942 3085 996 3123 om.
1016 3069 1070 3123 AG
1120 3077 1149 3126 ’9

106 3153 110 3167 ’
136 3143 327 3212 συναίραοθαι
347 3139 392 3194 Ba
470 3146 503 3196 10
523 3135 677 3209 ἐξήνεγκαν
697 3138 720 3193 O
738 3140 892 3208 praeterB
965 3145 997 3193 11
1018 3149 1151 3212 στρατιάς

135 3214 309 3281 Αοτρατίας
329 3213 374 3266 Ba
447 3217 480 3266 12
501 3205 632 3272 ἑκουσίως
648 3209 741 3264 om.A
814 3216 847 3265 13
866 3209 1042 3282 αἰρομένηΑ
1117 3218 1150 3267 18

136 3286 261 3347 Σικίλιος
280 3283 302 3338 0
322 3301 390 3340 corr.
411 3282 532 3352 Sylburg
550 3282 604 3336 hoc
624 3281 685 3335 Ιοοο
706 3280 826 3350 aliisque
905 3287 938 3337 21
959 3281 1150 3354 συγχωρήσειν

137 3350 184 3408 ἐπὶ
210 3364 266 3410 τῶν
297 3356 437 3425 πολεμίων
466 3355 488 3410 0
517 3354 697 3408 correxerunt
729 3352 851 3422 Sylburg
877 3355 907 3408 et
934 3351 1060 3409 sintenis
1088 3355 1150 3411 Em

136 3426 217 3480 Dion.
232 3425 271 3479 III
292 3432 325 3480 10
398 3431 431 3480 23
450 3433 561 3495 πρῶτον
581 3425 603 3480 0
622 3422 759 3495 πρότερον
777 3422 922 3494 Kiessling
