<?xml version="1.0" encoding="UTF-8"?>
<!DOCTYPE html PUBLIC "-//W3C//DTD XHTML 1.0 Transitional//EN"
    "http://www.w3.org/TR/xhtml1/DTD/xhtml1-transitional.dtd">
<html xmlns="http://www.w3.org/1999/xhtml" xml:lang="en" lang="en">
 <head>
  <title>
</title>
<meta http-equiv="Content-Type" content="text/html;charset=utf-8" />
  <meta name='ocr-system' content='tesseract 3.04.00' />
  <meta name='ocr-capabilities' content='ocr_page ocr_carea ocr_par ocr_line ocrx_word'/>
</head>
<body>
  <div class='ocr_page' id='page_1' title='image "./dionysihalicarn04diongoog_0222.png"; bbox 0 0 2424 3848; ppageno 0'>
   <div class='ocr_carea' id='block_1_1' title="bbox 515 177 1102 242">
    <p class='ocr_par' dir='ltr' id='par_1_1' title="bbox 515 177 1102 242">
     <span class='ocr_line' id='line_1_1' title="bbox 515 177 1102 242; baseline -0.003 0"><span class='ocrx_word' id='word_1_1' title='bbox 515 184 681 232; x_wconf 84' lang='lat' dir='ltr'><em>-H—</em></span> <span class='ocrx_word' id='word_1_2' title='bbox 1037 177 1102 242; x_wconf 71' lang='lat'><em>207</em></span> 
     </span>
    </p>
   </div>
   <div class='ocr_carea' id='block_1_2' title="bbox 21 335 1208 2971">
    <p class='ocr_par' dir='ltr' id='par_1_2' title="bbox 21 335 1208 2971">
     <span class='ocr_line' id='line_1_2' title="bbox 92 335 1103 418; baseline 0.002 -16"><span class='ocrx_word' id='word_1_3' title='bbox 92 335 252 415; x_wconf 78' lang='grc' dir='ltr'><strong><em>διολέσας.</em></strong></span> <span class='ocrx_word' id='word_1_4' title='bbox 299 339 406 406; x_wconf 77' lang='grc' dir='ltr'><em>ἐδόκει</em></span> <span class='ocrx_word' id='word_1_5' title='bbox 430 336 492 406; x_wconf 85' lang='grc' dir='ltr'><em>οὖν</em></span> <span class='ocrx_word' id='word_1_6' title='bbox 510 339 696 418; x_wconf 79' lang='grc' dir='ltr'><em>αὐτοῖςκαὶ</em></span> <span class='ocrx_word' id='word_1_7' title='bbox 718 351 815 407; x_wconf 88' lang='grc' dir='ltr'><em>τοῦτο</em></span> <span class='ocrx_word' id='word_1_8' title='bbox 839 337 893 404; x_wconf 88' lang='grc' dir='ltr'><em>καλ</em></span> <span class='ocrx_word' id='word_1_9' title='bbox 917 346 950 405; x_wconf 87' lang='grc' dir='ltr'><em>εί</em></span> <span class='ocrx_word' id='word_1_10' title='bbox 968 363 999 404; x_wconf 92' lang='grc' dir='ltr'><em>τι</em></span> <span class='ocrx_word' id='word_1_11' title='bbox 1022 341 1103 406; x_wconf 86' lang='grc' dir='ltr'><em>ἀλλο</em></span> 
     </span>
     <span class='ocr_line' id='line_1_3' title="bbox 92 445 1103 532; baseline 0.003 -23"><span class='ocrx_word' id='word_1_12' title='bbox 92 445 284 528; x_wconf 87' lang='grc' dir='ltr'><em>δεινότερον</em></span> <span class='ocrx_word' id='word_1_13' title='bbox 318 453 369 531; x_wconf 88' lang='grc' dir='ltr'><em>είη</em></span> <span class='ocrx_word' id='word_1_14' title='bbox 402 448 606 532; x_wconf 90' lang='grc' dir='ltr'><em>κινδύνευμα</em></span> <span class='ocrx_word' id='word_1_15' title='bbox 641 450 704 513; x_wconf 83' lang='grc' dir='ltr'><em>σὺν</em></span> <span class='ocrx_word' id='word_1_16' title='bbox 738 445 836 532; x_wconf 74' lang='grc' dir='ltr'><em>ἀρετῇ</em></span> <span class='ocrx_word' id='word_1_17' title='bbox 869 448 1011 525; x_wconf 78' lang='grc' dir='ltr'><em>σώζουσι</em></span> <span class='ocrx_word' id='word_1_18' title='bbox 1042 447 1103 530; x_wconf 82' lang='grc' dir='ltr'><em>την</em></span> 
     </span>
     <span class='ocr_line' id='line_1_4' title="bbox 90 547 1139 640; baseline 0.001 -25"><span class='ocrx_word' id='word_1_19' title='bbox 90 553 203 639; x_wconf 88' lang='grc' dir='ltr'><em>πίστιν</em></span> <span class='ocrx_word' id='word_1_20' title='bbox 225 550 412 638; x_wconf 82' lang='grc' dir='ltr'><em>ὑπομένειν.</em></span> <span class='ocrx_word' id='word_1_21' title='bbox 459 551 528 619; x_wconf 81' lang='grc' dir='ltr'><em>ἐπεὶ</em></span> <span class='ocrx_word' id='word_1_22' title='bbox 557 550 594 619; x_wconf 75' lang='grc' dir='ltr'><em>δὲ</em></span> <span class='ocrx_word' id='word_1_23' title='bbox 620 551 694 640; x_wconf 78' lang='grc' dir='ltr'><em>περὶ</em></span> <span class='ocrx_word' id='word_1_24' title='bbox 719 555 817 619; x_wconf 91' lang='grc' dir='ltr'><em>δύσιν</em></span> <span class='ocrx_word' id='word_1_25' title='bbox 840 553 938 637; x_wconf 79' lang='grc' dir='ltr'><em>ἡλίου</em></span> <span class='ocrx_word' id='word_1_26' title='bbox 960 547 1003 637; x_wconf 79' lang='grc' dir='ltr'><em>ἦν</em></span> <span class='ocrx_word' id='word_1_27' title='bbox 1025 551 1139 637; x_wconf 77' lang='grc' dir='ltr'><em>ἥδη,5</em></span> 
     </span>
     <span class='ocr_line' id='line_1_5' title="bbox 91 654 1097 746; baseline 0.002 -25"><span class='ocrx_word' id='word_1_28' title='bbox 91 655 317 742; x_wconf 78' lang='grc' dir='ltr'><em>ἀσπασάμενοι</em></span> <span class='ocrx_word' id='word_1_29' title='bbox 340 657 504 742; x_wconf 76' lang='grc' dir='ltr'><em>ἀλλήλους</em></span> <span class='ocrx_word' id='word_1_30' title='bbox 527 654 664 746; x_wconf 79' lang='grc' dir='ltr'><strong><em>ἐξῄεσαν</em></strong></span> <span class='ocrx_word' id='word_1_31' title='bbox 689 659 725 724; x_wconf 82' lang='grc' dir='ltr'><em>ἐκ</em></span> <span class='ocrx_word' id='word_1_32' title='bbox 747 669 805 743; x_wconf 80' lang='grc' dir='ltr'><em>τῆς</em></span> <span class='ocrx_word' id='word_1_33' title='bbox 827 668 963 743; x_wconf 78' lang='grc' dir='ltr'><em>σκηνῆς·</em></span> <span class='ocrx_word' id='word_1_34' title='bbox 992 657 1097 724; x_wconf 78' lang='grc' dir='ltr'><em>ἔπειθ’</em></span> 
     </span>
     <span class='ocr_line' id='line_1_6' title="bbox 90 759 1143 852; baseline -0.002 -24"><span class='ocrx_word' id='word_1_35' title='bbox 90 763 128 828; x_wconf 83' lang='grc' dir='ltr'><em>αλ</em></span> <span class='ocrx_word' id='word_1_36' title='bbox 147 759 210 848; x_wconf 74' lang='grc' dir='ltr'><em>μὲν</em></span> <span class='ocrx_word' id='word_1_37' title='bbox 232 774 385 847; x_wconf 79' lang='grc' dir='ltr'><em>γυναῖκες</em></span> <span class='ocrx_word' id='word_1_38' title='bbox 407 766 455 841; x_wconf 88' lang='grc' dir='ltr'><em>είς</em></span> <span class='ocrx_word' id='word_1_39' title='bbox 476 767 537 849; x_wconf 83' lang='grc' dir='ltr'><em>τὴν</em></span> <span class='ocrx_word' id='word_1_40' title='bbox 555 768 654 831; x_wconf 88' lang='grc' dir='ltr'><em>πόλιν</em></span> <span class='ocrx_word' id='word_1_41' title='bbox 672 764 831 851; x_wconf 77' lang='grc' dir='ltr'><em>ἀπῄεσαν,</em></span> <span class='ocrx_word' id='word_1_42' title='bbox 854 765 872 831; x_wconf 90' lang='grc' dir='ltr'><strong>ὁ</strong></span> <span class='ocrx_word' id='word_1_43' title='bbox 895 761 932 829; x_wconf 69' lang='grc' dir='ltr'><em>δέ</em></span> <span class='ocrx_word' id='word_1_44' title='bbox 950 765 1103 852; x_wconf 87' lang='grc' dir='ltr'><em>Μάρκιος</em></span> <span class='ocrx_word' id='word_1_45' title='bbox 1129 783 1143 825; x_wconf 76' lang='lat'><strong>5</strong></span> 
     </span>
     <span class='ocr_line' id='line_1_7' title="bbox 90 867 1103 958; baseline 0.001 -23"><span class='ocrx_word' id='word_1_46' title='bbox 90 868 127 935; x_wconf 81' lang='grc' dir='ltr'><em>έν</em></span> <span class='ocrx_word' id='word_1_47' title='bbox 155 867 312 957; x_wconf 76' lang='grc' dir='ltr'><em>ἐκκλησίᾳ</em></span> <span class='ocrx_word' id='word_1_48' title='bbox 337 871 395 948; x_wconf 88' lang='grc' dir='ltr'><em>τάς</em></span> <span class='ocrx_word' id='word_1_49' title='bbox 417 873 524 949; x_wconf 89' lang='grc' dir='ltr'><em>αίτίας</em></span> <span class='ocrx_word' id='word_1_50' title='bbox 545 872 692 949; x_wconf 85' lang='grc' dir='ltr'><em>ἀποδοὺς</em></span> <span class='ocrx_word' id='word_1_51' title='bbox 713 883 783 949; x_wconf 83' lang='grc' dir='ltr'><em>τοῖς</em></span> <span class='ocrx_word' id='word_1_52' title='bbox 805 882 964 958; x_wconf 89' lang='grc' dir='ltr'><em>παροῦσι,</em></span> <span class='ocrx_word' id='word_1_53' title='bbox 994 868 1037 936; x_wconf 91' lang='grc' dir='ltr'><em>δι’</em></span> <span class='ocrx_word' id='word_1_54' title='bbox 1065 871 1103 948; x_wconf 82' lang='grc' dir='ltr'><em>ἀς</em></span> 
     </span>
     <span class='ocr_line' id='line_1_8' title="bbox 90 976 1102 1063; baseline 0.002 -23"><span class='ocrx_word' id='word_1_55' title='bbox 90 978 204 1060; x_wconf 81' lang='grc' dir='ltr'><em>ἔμελλε</em></span> <span class='ocrx_word' id='word_1_56' title='bbox 233 976 326 1041; x_wconf 85' lang='grc' dir='ltr'><em>λύειν</em></span> <span class='ocrx_word' id='word_1_57' title='bbox 353 979 412 1043; x_wconf 90' lang='grc' dir='ltr'><em>τὸν</em></span> <span class='ocrx_word' id='word_1_58' title='bbox 439 981 601 1063; x_wconf 87' lang='grc' dir='ltr'><em>πόλεμον,</em></span> <span class='ocrx_word' id='word_1_59' title='bbox 631 976 688 1056; x_wconf 84' lang='grc' dir='ltr'><em>καὶ</em></span> <span class='ocrx_word' id='word_1_60' title='bbox 715 979 822 1044; x_wconf 75' lang='grc' dir='ltr'><em>πολλοὶ</em></span> <span class='ocrx_word' id='word_1_61' title='bbox 851 989 919 1043; x_wconf 83' lang='grc' dir='ltr'><em>τῶν</em></span> <span class='ocrx_word' id='word_1_62' title='bbox 946 994 1102 1062; x_wconf 84' lang='grc' dir='ltr'><em>στρατιω-</em></span> 
     </span>
     <span class='ocr_line' id='line_1_9' title="bbox 89 1079 1102 1172; baseline 0.001 -26"><span class='ocrx_word' id='word_1_63' title='bbox 89 1092 157 1147; x_wconf 82' lang='grc' dir='ltr'><em>τῶν</em></span> <span class='ocrx_word' id='word_1_64' title='bbox 185 1079 319 1166; x_wconf 77' lang='grc' dir='ltr'><em>δεηθεὶς</em></span> <span class='ocrx_word' id='word_1_65' title='bbox 341 1089 534 1167; x_wconf 81' lang='grc' dir='ltr'><em>συγγνῶναί</em></span> <span class='ocrx_word' id='word_1_66' title='bbox 558 1079 586 1148; x_wconf 89' lang='grc' dir='ltr'><em>τ’</em></span> <span class='ocrx_word' id='word_1_67' title='bbox 613 1084 701 1172; x_wconf 73' lang='grc' dir='ltr'><em>αὐτῷ</em></span> <span class='ocrx_word' id='word_1_68' title='bbox 729 1088 801 1169; x_wconf 90' lang='grc' dir='ltr'><em>καί,</em></span> <span class='ocrx_word' id='word_1_69' title='bbox 832 1082 966 1148; x_wconf 80' lang='grc' dir='ltr'><em>ἐπειδὰν</em></span> <span class='ocrx_word' id='word_1_70' title='bbox 989 1085 1102 1148; x_wconf 86' lang='grc' dir='ltr'><em>οίκαδε</em></span> 
     </span>
     <span class='ocr_line' id='line_1_10' title="bbox 90 1184 1102 1276; baseline 0 -24"><span class='ocrx_word' id='word_1_71' title='bbox 90 1186 293 1273; x_wconf 80' lang='grc' dir='ltr'><em>ἀφίκωνται,</em></span> <span class='ocrx_word' id='word_1_72' title='bbox 326 1189 555 1276; x_wconf 76' lang='grc' dir='ltr'><em>μεμνημένους</em></span> <span class='ocrx_word' id='word_1_73' title='bbox 592 1186 640 1256; x_wconf 82' lang='grc' dir='ltr'><em>ὧν</em></span> <span class='ocrx_word' id='word_1_74' title='bbox 672 1194 800 1257; x_wconf 80' lang='grc' dir='ltr'><em>ἔπαθον</em></span> <span class='ocrx_word' id='word_1_75' title='bbox 832 1184 870 1255; x_wconf 87' lang='grc' dir='ltr'><em>εὖ</em></span> <span class='ocrx_word' id='word_1_76' title='bbox 901 1200 962 1256; x_wconf 85' lang='grc' dir='ltr'><em>τοῦ</em></span> <span class='ocrx_word' id='word_1_77' title='bbox 993 1185 1102 1273; x_wconf 74' lang='grc' dir='ltr'><em>μηθὲν</em></span> 
     </span>
     <span class='ocr_line' id='line_1_11' title="bbox 89 1292 1143 1379; baseline 0.003 -23"><span class='ocrx_word' id='word_1_78' title='bbox 89 1292 155 1359; x_wconf 87' lang='grc' dir='ltr'><em>ὑπὸ</em></span> <span class='ocrx_word' id='word_1_79' title='bbox 182 1303 250 1358; x_wconf 84' lang='grc' dir='ltr'><em>τῶν</em></span> <span class='ocrx_word' id='word_1_80' title='bbox 278 1294 389 1359; x_wconf 84' lang='grc' dir='ltr'><em>ἀλλων</em></span> <span class='ocrx_word' id='word_1_81' title='bbox 416 1294 598 1379; x_wconf 82' lang='grc' dir='ltr'><em>ἀνήκεστον</em></span> <span class='ocrx_word' id='word_1_82' title='bbox 624 1304 748 1362; x_wconf 80' lang='grc' dir='ltr'><em>παθεῖν</em></span> <span class='ocrx_word' id='word_1_83' title='bbox 775 1297 1022 1379; x_wconf 77' lang='grc' dir='ltr'><em>συναγωνιστάς</em></span> <span class='ocrx_word' id='word_1_84' title='bbox 1049 1317 1102 1378; x_wconf 80' lang='grc' dir='ltr'><em>με·</em></span> <span class='ocrx_word' id='word_1_85' title='bbox 1117 1314 1143 1352; x_wconf 87' lang='lat'><em>1⁰</em></span> 
     </span>
     <span class='ocr_line' id='line_1_12' title="bbox 89 1396 1101 1487; baseline 0.002 -24"><span class='ocrx_word' id='word_1_86' title='bbox 89 1396 223 1482; x_wconf 90' lang='grc' dir='ltr'><em>νέσθαι,</em></span> <span class='ocrx_word' id='word_1_87' title='bbox 245 1397 300 1464; x_wconf 89' lang='grc' dir='ltr'><em>καλ</em></span> <span class='ocrx_word' id='word_1_88' title='bbox 318 1401 402 1466; x_wconf 87' lang='grc' dir='ltr'><em>άλλα</em></span> <span class='ocrx_word' id='word_1_89' title='bbox 420 1403 526 1468; x_wconf 81' lang='grc' dir='ltr'><em>πολλὰ</em></span> <span class='ocrx_word' id='word_1_90' title='bbox 544 1401 598 1468; x_wconf 84' lang='grc' dir='ltr'><em>καλ</em></span> <span class='ocrx_word' id='word_1_91' title='bbox 618 1403 772 1486; x_wconf 81' lang='grc' dir='ltr'><em>ἐπαγωγά</em></span> <span class='ocrx_word' id='word_1_92' title='bbox 791 1400 978 1486; x_wconf 83' lang='grc' dir='ltr'><em>διαλεχθεὶς</em></span> <span class='ocrx_word' id='word_1_93' title='bbox 996 1423 1101 1487; x_wconf 90' lang='grc' dir='ltr'><em>παρα-</em></span> 
     </span>
     <span class='ocr_line' id='line_1_13' title="bbox 90 1505 1208 1594; baseline 0.003 -25"><span class='ocrx_word' id='word_1_94' title='bbox 90 1505 308 1584; x_wconf 78' lang='grc' dir='ltr'><em>σκευάζεσθαι</em></span> <span class='ocrx_word' id='word_1_95' title='bbox 336 1506 507 1574; x_wconf 81' lang='grc' dir='ltr'><em>ἐκέλευσεν</em></span> <span class='ocrx_word' id='word_1_96' title='bbox 530 1510 574 1586; x_wconf 83' lang='grc' dir='ltr'><em>ὡς</em></span> <span class='ocrx_word' id='word_1_97' title='bbox 596 1517 635 1594; x_wconf 75' lang='grc' dir='ltr'><em>τῇ</em></span> <span class='ocrx_word' id='word_1_98' title='bbox 660 1508 798 1594; x_wconf 80' lang='grc' dir='ltr'><em>ἐπιούσῃ</em></span> <span class='ocrx_word' id='word_1_99' title='bbox 822 1506 917 1573; x_wconf 84' lang='grc' dir='ltr'><em>νυκτὶ</em></span> <span class='ocrx_word' id='word_1_100' title='bbox 941 1506 1103 1593; x_wconf 88' lang='grc' dir='ltr'><em>ἀναστρα-</em></span> <span class='ocrx_word' id='word_1_101' title='bbox 1195 1549 1208 1591; x_wconf 71' lang='lat' dir='ltr'><em>t</em></span> 
     </span>
     <span class='ocr_line' id='line_1_14' title="bbox 88 1612 359 1690; baseline 0 -14"><span class='ocrx_word' id='word_1_102' title='bbox 88 1612 359 1690; x_wconf 87' lang='grc' dir='ltr'><em>τοπεδεύσοντας.</em></span> 
     </span>
     <span class='ocr_line' id='line_1_15' title="bbox 155 1716 1101 1806; baseline 0.003 -25"><span class='ocrx_word' id='word_1_103' title='bbox 155 1717 224 1783; x_wconf 88' lang='lat' dir='ltr'><em>LV.</em></span> <span class='ocrx_word' id='word_1_104' title='bbox 260 1716 414 1803; x_wconf 78' lang='grc' dir='ltr'><em>Ῥωμαῖοι</em></span> <span class='ocrx_word' id='word_1_105' title='bbox 442 1717 472 1784; x_wconf 87' lang='grc' dir='ltr'><em>δ’</em></span> <span class='ocrx_word' id='word_1_106' title='bbox 501 1721 545 1798; x_wconf 84' lang='grc' dir='ltr'><em>ὡς</em></span> <span class='ocrx_word' id='word_1_107' title='bbox 568 1724 707 1805; x_wconf 87' lang='grc' dir='ltr'><em>έμαθον,</em></span> <span class='ocrx_word' id='word_1_108' title='bbox 735 1722 786 1787; x_wconf 77' lang='grc' dir='ltr'><em>ὅτι</em></span> <span class='ocrx_word' id='word_1_109' title='bbox 809 1718 941 1786; x_wconf 81' lang='grc' dir='ltr'><em>λέλυται</em></span> <span class='ocrx_word' id='word_1_110' title='bbox 964 1731 1059 1806; x_wconf 85' lang='grc' dir='ltr'><em>σφῶν</em></span> <span class='ocrx_word' id='word_1_111' title='bbox 1083 1720 1101 1785; x_wconf 89' lang='grc' dir='ltr'><em>δ</em></span> 
     </span>
     <span class='ocr_line' id='line_1_16' title="bbox 87 1825 1142 1913; baseline 0.003 -25"><span class='ocrx_word' id='word_1_112' title='bbox 87 1825 260 1901; x_wconf 90' lang='grc' dir='ltr'><em>κίνδυνος·</em></span> <span class='ocrx_word' id='word_1_113' title='bbox 292 1827 419 1909; x_wconf 87' lang='grc' dir='ltr'><em>έφθασε</em></span> <span class='ocrx_word' id='word_1_114' title='bbox 446 1827 510 1913; x_wconf 82' lang='grc' dir='ltr'><em>γάρ</em></span> <span class='ocrx_word' id='word_1_115' title='bbox 538 1839 603 1893; x_wconf 79' lang='grc' dir='ltr'><em>τῶν</em></span> <span class='ocrx_word' id='word_1_116' title='bbox 631 1838 800 1910; x_wconf 79' lang='grc' dir='ltr'><em>γυναικῶν</em></span> <span class='ocrx_word' id='word_1_117' title='bbox 826 1827 888 1911; x_wconf 81' lang='grc' dir='ltr'><em>τὴν</em></span> <span class='ocrx_word' id='word_1_118' title='bbox 913 1829 1101 1913; x_wconf 78' lang='grc' dir='ltr'><em>παρουσίαν</em></span> <span class='ocrx_word' id='word_1_119' title='bbox 1116 1844 1142 1884; x_wconf 80' lang='lat'><em>15</em></span> 
     </span>
     <span class='ocr_line' id='line_1_17' title="bbox 21 1931 1102 2021; baseline 0 -25"><span class='ocrx_word' id='word_1_120' title='bbox 21 1934 304 2016; x_wconf 74' lang='grc' dir='ltr'><em>ιεεοπρολαβοῦσα</em></span> <span class='ocrx_word' id='word_1_121' title='bbox 333 1931 353 2015; x_wconf 79' lang='grc' dir='ltr'><em>ἡ</em></span> <span class='ocrx_word' id='word_1_122' title='bbox 383 1935 491 2016; x_wconf 81' lang='grc' dir='ltr'><em>φήμη·</em></span> <span class='ocrx_word' id='word_1_123' title='bbox 527 1936 591 1998; x_wconf 84' lang='grc' dir='ltr'><em>σὺν</em></span> <span class='ocrx_word' id='word_1_124' title='bbox 619 1939 725 2019; x_wconf 74' lang='grc' dir='ltr'><em>πολλῇ</em></span> <span class='ocrx_word' id='word_1_125' title='bbox 754 1944 840 2021; x_wconf 79' lang='grc' dir='ltr'><em>χαρᾷ</em></span> <span class='ocrx_word' id='word_1_126' title='bbox 867 1936 1102 2010; x_wconf 79' lang='grc' dir='ltr'><em>καταλιπόντες</em></span> 
     </span>
     <span class='ocr_line' id='line_1_18' title="bbox 88 2035 1101 2123; baseline 0.004 -24"><span class='ocrx_word' id='word_1_127' title='bbox 88 2035 151 2119; x_wconf 81' lang='grc' dir='ltr'><em>τὴν</em></span> <span class='ocrx_word' id='word_1_128' title='bbox 169 2039 269 2101; x_wconf 90' lang='grc' dir='ltr'><em>πόλιν</em></span> <span class='ocrx_word' id='word_1_129' title='bbox 288 2039 388 2103; x_wconf 75' lang='grc' dir='ltr'><em>ἔθεον</em></span> <span class='ocrx_word' id='word_1_130' title='bbox 406 2038 467 2117; x_wconf 83' lang='grc' dir='ltr'><em>ἔξω</em></span> <span class='ocrx_word' id='word_1_131' title='bbox 486 2037 541 2103; x_wconf 86' lang='grc' dir='ltr'><em>καλ</em></span> <span class='ocrx_word' id='word_1_132' title='bbox 563 2038 720 2123; x_wconf 74' lang='grc' dir='ltr'><em>ὑπήντων</em></span> <span class='ocrx_word' id='word_1_133' title='bbox 738 2052 808 2117; x_wconf 84' lang='grc' dir='ltr'><em>ταῖς</em></span> <span class='ocrx_word' id='word_1_134' title='bbox 827 2037 979 2121; x_wconf 81' lang='grc' dir='ltr'><em>γυναιξὶν</em></span> <span class='ocrx_word' id='word_1_135' title='bbox 998 2037 1101 2103; x_wconf 90' lang='grc' dir='ltr'><em>ἀσπα-</em></span> 
     </span>
     <span class='ocr_line' id='line_1_19' title="bbox 90 2140 1101 2229; baseline 0.001 -23"><span class='ocrx_word' id='word_1_136' title='bbox 90 2145 195 2226; x_wconf 88' lang='grc' dir='ltr'><em>σμοὺς</em></span> <span class='ocrx_word' id='word_1_137' title='bbox 217 2140 271 2207; x_wconf 86' lang='grc' dir='ltr'><em>καλ</em></span> <span class='ocrx_word' id='word_1_138' title='bbox 295 2152 436 2221; x_wconf 81' lang='grc' dir='ltr'><em>παιᾶνας</em></span> <span class='ocrx_word' id='word_1_139' title='bbox 458 2143 513 2209; x_wconf 84' lang='grc' dir='ltr'><em>καὶ</em></span> <span class='ocrx_word' id='word_1_140' title='bbox 535 2142 637 2210; x_wconf 90' lang='grc' dir='ltr'><em>πάνθ’</em></span> <span class='ocrx_word' id='word_1_141' title='bbox 665 2145 726 2210; x_wconf 80' lang='grc' dir='ltr'><em>ὅσα</em></span> <span class='ocrx_word' id='word_1_142' title='bbox 754 2144 789 2209; x_wconf 86' lang='grc' dir='ltr'><em>έκ</em></span> <span class='ocrx_word' id='word_1_143' title='bbox 812 2142 964 2229; x_wconf 85' lang='grc' dir='ltr'><em>μεγάλων</em></span> <span class='ocrx_word' id='word_1_144' title='bbox 987 2144 1101 2208; x_wconf 87' lang='grc' dir='ltr'><em>κινδύ-</em></span> 
     </span>
     <span class='ocr_line' id='line_1_20' title="bbox 89 2248 1102 2336; baseline 0.001 -24"><span class='ocrx_word' id='word_1_145' title='bbox 89 2272 159 2313; x_wconf 82' lang='grc' dir='ltr'><em>νων</em></span> <span class='ocrx_word' id='word_1_146' title='bbox 196 2250 243 2325; x_wconf 90' lang='grc' dir='ltr'><em>είς</em></span> <span class='ocrx_word' id='word_1_147' title='bbox 278 2248 442 2334; x_wconf 78' lang='grc' dir='ltr'><em>ἀδόκητον</em></span> <span class='ocrx_word' id='word_1_148' title='bbox 479 2251 634 2336; x_wconf 85' lang='grc' dir='ltr'><em>εὐτυχίαν</em></span> <span class='ocrx_word' id='word_1_149' title='bbox 672 2252 846 2334; x_wconf 86' lang='grc' dir='ltr'><em>ἀνθρωποι</em></span> <span class='ocrx_word' id='word_1_150' title='bbox 884 2248 1102 2326; x_wconf 76' lang='grc' dir='ltr'><em>καταστάντες</em></span> 
     </span>
     <span class='ocr_line' id='line_1_21' title="bbox 88 2351 1141 2442; baseline 0.001 -23"><span class='ocrx_word' id='word_1_151' title='bbox 88 2354 274 2440; x_wconf 90' lang='grc' dir='ltr'><em>πράττουσί</em></span> <span class='ocrx_word' id='word_1_152' title='bbox 293 2378 327 2420; x_wconf 90' lang='grc' dir='ltr'><em>τε</em></span> <span class='ocrx_word' id='word_1_153' title='bbox 350 2353 406 2420; x_wconf 82' lang='grc' dir='ltr'><em>καλ</em></span> <span class='ocrx_word' id='word_1_154' title='bbox 429 2354 584 2440; x_wconf 76' lang='grc' dir='ltr'><em>λέγουσιν</em></span> <span class='ocrx_word' id='word_1_155' title='bbox 607 2357 672 2422; x_wconf 87' lang='grc' dir='ltr'><em>ὑπὸ</em></span> <span class='ocrx_word' id='word_1_156' title='bbox 695 2365 807 2442; x_wconf 83' lang='grc' dir='ltr'><em>χαρᾶς,</em></span> <span class='ocrx_word' id='word_1_157' title='bbox 829 2356 870 2421; x_wconf 82' lang='grc' dir='ltr'><em>τὰ</em></span> <span class='ocrx_word' id='word_1_158' title='bbox 888 2351 950 2440; x_wconf 69' lang='grc' dir='ltr'><em>μὲν</em></span> <span class='ocrx_word' id='word_1_159' title='bbox 968 2354 1101 2439; x_wconf 87' lang='grc' dir='ltr'><em>ἀθρόοι,</em></span> <span class='ocrx_word' id='word_1_160' title='bbox 1115 2374 1141 2414; x_wconf 77' lang='lat'><em>20</em></span> 
     </span>
     <span class='ocr_line' id='line_1_22' title="bbox 91 2457 1136 2546; baseline 0.001 -21"><span class='ocrx_word' id='word_1_161' title='bbox 91 2461 130 2525; x_wconf 84' lang='grc' dir='ltr'><em>τά</em></span> <span class='ocrx_word' id='word_1_162' title='bbox 153 2462 191 2526; x_wconf 90' lang='grc' dir='ltr'><em>δε</em></span> <span class='ocrx_word' id='word_1_163' title='bbox 213 2459 292 2526; x_wconf 86' lang='grc' dir='ltr'><em>καθ’</em></span> <span class='ocrx_word' id='word_1_164' title='bbox 318 2460 376 2526; x_wconf 78' lang='grc' dir='ltr'><em>ἕνα</em></span> <span class='ocrx_word' id='word_1_165' title='bbox 395 2461 534 2528; x_wconf 80' lang='grc' dir='ltr'><em>ἕκαστον</em></span> <span class='ocrx_word' id='word_1_166' title='bbox 559 2461 844 2546; x_wconf 90' lang='grc' dir='ltr'><em>ἀποδεικνύμενοι.</em></span> <span class='ocrx_word' id='word_1_167' title='bbox 890 2461 1021 2545; x_wconf 80' lang='grc' dir='ltr'><em>ἐκείνην</em></span> <span class='ocrx_word' id='word_1_168' title='bbox 1040 2457 1136 2545; x_wconf 69' lang='grc' dir='ltr'><em>μέν2</em></span> 
     </span>
     <span class='ocr_line' id='line_1_23' title="bbox 92 2561 1102 2650; baseline -0.002 -18"><span class='ocrx_word' id='word_1_169' title='bbox 92 2561 153 2632; x_wconf 82' lang='grc' dir='ltr'><em>οὖν</em></span> <span class='ocrx_word' id='word_1_170' title='bbox 176 2568 237 2650; x_wconf 81' lang='grc' dir='ltr'><em>τὴν</em></span> <span class='ocrx_word' id='word_1_171' title='bbox 259 2568 363 2633; x_wconf 87' lang='grc' dir='ltr'><em>νύκτα</em></span> <span class='ocrx_word' id='word_1_172' title='bbox 387 2566 424 2632; x_wconf 82' lang='grc' dir='ltr'><em>έν</em></span> <span class='ocrx_word' id='word_1_173' title='bbox 446 2571 597 2644; x_wconf 84' lang='grc' dir='ltr'><em>θαλείαις</em></span> <span class='ocrx_word' id='word_1_174' title='bbox 619 2592 653 2633; x_wconf 93' lang='grc' dir='ltr'><em>τε</em></span> <span class='ocrx_word' id='word_1_175' title='bbox 675 2566 730 2634; x_wconf 85' lang='grc' dir='ltr'><em>καλ</em></span> <span class='ocrx_word' id='word_1_176' title='bbox 748 2568 941 2644; x_wconf 87' lang='grc' dir='ltr'><em>εὐπαθείαις</em></span> <span class='ocrx_word' id='word_1_177' title='bbox 964 2565 1102 2631; x_wconf 88' lang='grc' dir='ltr'><em>διετέλε-</em></span> 
     </span>
     <span class='ocr_line' id='line_1_24' title="bbox 92 2669 1101 2760; baseline -0.002 -23"><span class='ocrx_word' id='word_1_178' title='bbox 92 2689 169 2756; x_wconf 86' lang='grc' dir='ltr'><em>σαν,</em></span> <span class='ocrx_word' id='word_1_179' title='bbox 196 2680 236 2757; x_wconf 60' lang='lat' dir='ltr'><em>tf]</em></span> <span class='ocrx_word' id='word_1_180' title='bbox 264 2669 294 2737; x_wconf 88' lang='grc' dir='ltr'><em>δ’</em></span> <span class='ocrx_word' id='word_1_181' title='bbox 323 2671 396 2757; x_wconf 75' lang='grc' dir='ltr'><em>ἑξῆς</em></span> <span class='ocrx_word' id='word_1_182' title='bbox 422 2670 527 2760; x_wconf 79' lang='grc' dir='ltr'><em>ἡμέρα</em></span> <span class='ocrx_word' id='word_1_183' title='bbox 555 2680 759 2757; x_wconf 77' lang='grc' dir='ltr'><em>συναχθεῖσα</em></span> <span class='ocrx_word' id='word_1_184' title='bbox 786 2674 851 2739; x_wconf 85' lang='grc' dir='ltr'><em>ὑπὸ</em></span> <span class='ocrx_word' id='word_1_185' title='bbox 879 2684 945 2738; x_wconf 83' lang='grc' dir='ltr'><em>τῶν</em></span> <span class='ocrx_word' id='word_1_186' title='bbox 967 2673 1101 2737; x_wconf 85' lang='grc' dir='ltr'><em>ὑπάτων</em></span> 
     </span>
     <span class='ocr_line' id='line_1_25' title="bbox 91 2775 1101 2866; baseline -0.002 -22"><span class='ocrx_word' id='word_1_187' title='bbox 91 2778 111 2862; x_wconf 79' lang='grc' dir='ltr'><em>ἡ</em></span> <span class='ocrx_word' id='word_1_188' title='bbox 133 2779 239 2863; x_wconf 76' lang='grc' dir='ltr'><em>βουλὴ</em></span> <span class='ocrx_word' id='word_1_189' title='bbox 267 2777 343 2866; x_wconf 84' lang='grc' dir='ltr'><em>περὶ</em></span> <span class='ocrx_word' id='word_1_190' title='bbox 370 2775 431 2864; x_wconf 68' lang='grc' dir='ltr'><em>μέν</em></span> <span class='ocrx_word' id='word_1_191' title='bbox 457 2790 517 2844; x_wconf 88' lang='grc' dir='ltr'><em>τοῦ</em></span> <span class='ocrx_word' id='word_1_192' title='bbox 540 2782 697 2866; x_wconf 83' lang='grc' dir='ltr'><em>Μαρκίου</em></span> <span class='ocrx_word' id='word_1_193' title='bbox 726 2780 861 2863; x_wconf 75' lang='grc' dir='ltr'><em>γνώμην</em></span> <span class='ocrx_word' id='word_1_194' title='bbox 888 2775 1101 2855; x_wconf 73' lang='grc' dir='ltr'><em>ἀπεδείξαντο</em></span> 
     </span>
     <span class='ocr_line' id='line_1_26' title="bbox 91 2881 1141 2971; baseline -0.002 -22"><span class='ocrx_word' id='word_1_195' title='bbox 91 2886 138 2961; x_wconf 88' lang='grc' dir='ltr'><em>είς</em></span> <span class='ocrx_word' id='word_1_196' title='bbox 162 2882 293 2971; x_wconf 83' lang='grc' dir='ltr'><em>ἑτέρους</em></span> <span class='ocrx_word' id='word_1_197' title='bbox 315 2885 562 2969; x_wconf 86' lang='grc' dir='ltr'><em>ἀναβάλλεσθαι</em></span> <span class='ocrx_word' id='word_1_198' title='bbox 585 2887 720 2971; x_wconf 88' lang='grc' dir='ltr'><em>καιροὺς</em></span> <span class='ocrx_word' id='word_1_199' title='bbox 743 2881 1023 2968; x_wconf 76' lang='grc' dir='ltr'><em>ἐπιτηδειοτέρους</em></span> <span class='ocrx_word' id='word_1_200' title='bbox 1045 2884 1102 2960; x_wconf 82' lang='grc' dir='ltr'><em>τὰς</em></span> <span class='ocrx_word' id='word_1_201' title='bbox 1115 2899 1141 2939; x_wconf 79' lang='lat'><em>2⁵</em></span> 
     </span>
    </p>
   </div>
   <div class='ocr_carea' id='block_1_3' title="bbox 92 2984 1100 3182">
    <p class='ocr_par' dir='ltr' id='par_1_3' title="bbox 92 2984 1100 3182">
     <span class='ocr_line' id='line_1_27' title="bbox 93 2984 1096 3078; baseline -0.003 -23"><span class='ocrx_word' id='word_1_202' title='bbox 93 2989 323 3076; x_wconf 81' lang='grc' dir='ltr'><em>δοθησομένας</em></span> <span class='ocrx_word' id='word_1_203' title='bbox 345 2991 432 3078; x_wconf 75' lang='grc' dir='ltr'><em>αὐτῷ</em></span> <span class='ocrx_word' id='word_1_204' title='bbox 456 2991 562 3075; x_wconf 90' lang='grc' dir='ltr'><em>τιμάς·</em></span> <span class='ocrx_word' id='word_1_205' title='bbox 584 3002 656 3068; x_wconf 77' lang='grc' dir='ltr'><em>ταῖς</em></span> <span class='ocrx_word' id='word_1_206' title='bbox 679 2985 716 3055; x_wconf 73' lang='grc' dir='ltr'><em>δέ</em></span> <span class='ocrx_word' id='word_1_207' title='bbox 739 2986 891 3073; x_wconf 79' lang='grc' dir='ltr'><em>γυναιξὶν</em></span> <span class='ocrx_word' id='word_1_208' title='bbox 914 2989 1050 3054; x_wconf 81' lang='grc' dir='ltr'><em>ἔπαινόν</em></span> <span class='ocrx_word' id='word_1_209' title='bbox 1068 2984 1096 3052; x_wconf 89' lang='grc' dir='ltr'><em>τ’</em></span> 
     </span>
     <span class='ocr_line' id='line_1_28' title="bbox 92 3094 1100 3182; baseline -0.002 -23"><span class='ocrx_word' id='word_1_210' title='bbox 92 3094 320 3162; x_wconf 85' lang='grc' dir='ltr'><em>ἀποδεδύσθαι</em></span> <span class='ocrx_word' id='word_1_211' title='bbox 350 3104 407 3180; x_wconf 77' lang='grc' dir='ltr'><em>τῆς</em></span> <span class='ocrx_word' id='word_1_212' title='bbox 438 3100 629 3182; x_wconf 90' lang='grc' dir='ltr'><em>προθυμίας</em></span> <span class='ocrx_word' id='word_1_213' title='bbox 659 3100 782 3182; x_wconf 80' lang='grc' dir='ltr'><em>παλαιᾷ</em></span> <span class='ocrx_word' id='word_1_214' title='bbox 816 3095 959 3181; x_wconf 79' lang='grc' dir='ltr'><em>δημοσίᾳ</em></span> <span class='ocrx_word' id='word_1_215' title='bbox 990 3103 1100 3180; x_wconf 75' lang='grc' dir='ltr'><em>γραφῇ</em></span> 
     </span>
    </p>
   </div>
   <div class='ocr_carea' id='block_1_4' title="bbox 91 3280 1102 3499">
    <p class='ocr_par' dir='ltr' id='par_1_4' title="bbox 91 3280 1102 3499">
     <span class='ocr_line' id='line_1_29' title="bbox 163 3280 1100 3358; baseline -0.001 -17"><span class='ocrx_word' id='word_1_216' title='bbox 163 3293 177 3340; x_wconf 93' lang='grc'>1</span> <span class='ocrx_word' id='word_1_217' title='bbox 199 3285 240 3342; x_wconf 76' lang='grc' dir='ltr'><em>ἔτι</em></span> <span class='ocrx_word' id='word_1_218' title='bbox 258 3287 417 3358; x_wconf 89' lang='grc' dir='ltr'><em>δεινότερον</em></span> <span class='ocrx_word' id='word_1_219' title='bbox 437 3305 460 3342; x_wconf 87' lang='grc' dir='ltr'><em>ο,</em></span> <span class='ocrx_word' id='word_1_220' title='bbox 479 3287 583 3343; x_wconf 83' lang='lat' dir='ltr'>Reiske</span> <span class='ocrx_word' id='word_1_221' title='bbox 655 3282 726 3355; x_wconf 71' lang='grc' dir='ltr'><em>θην</em></span> <span class='ocrx_word' id='word_1_222' title='bbox 744 3304 797 3342; x_wconf 89' lang='lat' dir='ltr'><em>om.</em></span> <span class='ocrx_word' id='word_1_223' title='bbox 817 3286 870 3340; x_wconf 89' lang='lat' dir='ltr'><em>AB</em></span> <span class='ocrx_word' id='word_1_224' title='bbox 950 3280 1017 3339; x_wconf 76' lang='grc' dir='ltr'><em>θεύ</em></span> <span class='ocrx_word' id='word_1_225' title='bbox 1036 3285 1100 3340; x_wconf 78' lang='lat' dir='ltr'><strong>add.</strong></span> 
     </span>
     <span class='ocr_line' id='line_1_30' title="bbox 91 3356 1101 3432; baseline -0.002 -21"><span class='ocrx_word' id='word_1_226' title='bbox 91 3357 114 3411; x_wconf 95' lang='lat' dir='ltr'><strong>B</strong></span> <span class='ocrx_word' id='word_1_227' title='bbox 195 3364 229 3412; x_wconf 77' lang='lat'><em>25</em></span> <span class='ocrx_word' id='word_1_228' title='bbox 249 3357 446 3432; x_wconf 77' lang='grc' dir='ltr'><em>ἀναβαλέσθαι</em></span> <span class='ocrx_word' id='word_1_229' title='bbox 463 3358 515 3411; x_wconf 85' lang='grc' dir='ltr'><em>ΑΒ</em></span> <span class='ocrx_word' id='word_1_230' title='bbox 597 3364 630 3412; x_wconf 76' lang='grc'><em>27</em></span> <span class='ocrx_word' id='word_1_231' title='bbox 650 3357 847 3413; x_wconf 85' lang='grc' dir='ltr'><em>ἀποδεδόσθαι</em></span> <span class='ocrx_word' id='word_1_232' title='bbox 866 3356 888 3411; x_wconf 93' lang='grc' dir='ltr'>Ο</span> <span class='ocrx_word' id='word_1_233' title='bbox 908 3356 1101 3410; x_wconf 84' lang='grc' dir='ltr'><em>ἀποδίδοσθαι</em></span> 
     </span>
     <span class='ocr_line' id='line_1_31' title="bbox 92 3426 1102 3499; baseline -0.001 -16"><span class='ocrx_word' id='word_1_234' title='bbox 92 3428 192 3484; x_wconf 77' lang='lat' dir='ltr'><strong>Garrer</strong></span> <span class='ocrx_word' id='word_1_235' title='bbox 212 3428 278 3485; x_wconf 81' lang='lat' dir='ltr'><strong>Obs.</strong></span> <span class='ocrx_word' id='word_1_236' title='bbox 296 3448 324 3499; x_wconf 88' lang='lat' dir='ltr'><em>p.</em></span> <span class='ocrx_word' id='word_1_237' title='bbox 340 3437 375 3485; x_wconf 89' lang='grc'><em>44</em></span> <span class='ocrx_word' id='word_1_238' title='bbox 394 3430 427 3484; x_wconf 86' lang='lat' dir='ltr'><em>ef.</em></span> <span class='ocrx_word' id='word_1_239' title='bbox 442 3429 509 3484; x_wconf 85' lang='lat' dir='ltr'><strong>VIII</strong></span> <span class='ocrx_word' id='word_1_240' title='bbox 524 3430 598 3498; x_wconf 61' lang='lat'><em>5634</em></span> <span class='ocrx_word' id='word_1_241' title='bbox 625 3437 629 3496; x_wconf 80' lang='grc' dir='ltr'>Ι</span> <span class='ocrx_word' id='word_1_242' title='bbox 654 3428 770 3483; x_wconf 79' lang='grc' dir='ltr'><em>*πάλαι</em></span> <span class='ocrx_word' id='word_1_243' title='bbox 788 3429 811 3484; x_wconf 90' lang='grc' dir='ltr'>Ο</span> <span class='ocrx_word' id='word_1_244' title='bbox 831 3427 915 3482; x_wconf 87' lang='grc' dir='ltr'><em>πάλιν</em></span> <span class='ocrx_word' id='word_1_245' title='bbox 935 3444 957 3482; x_wconf 88' lang='grc' dir='ltr'><em>ο.</em></span> <span class='ocrx_word' id='word_1_246' title='bbox 977 3426 1102 3482; x_wconf 82' lang='lat' dir='ltr'>Sintenis</span> 
     </span>
    </p>
   </div>
   <div class='ocr_carea' id='block_1_5' title="bbox 0 0 1216 3848">
    <p class='ocr_par' dir='ltr' id='par_1_5' title="bbox 0 0 1216 3848">
     <span class='ocr_line' id='line_1_32' title="bbox 0 0 1216 3848; baseline 0 1"><span class='ocrx_word' id='word_1_247' title='bbox 0 0 1216 3848; x_wconf 95' lang='lat' dir='ltr'><em> </em></span> 
     </span>
    </p>
   </div>
  </div>
 </body>
</html>
