2424 3848
519 221 552 230 -
589 193 686 242 H-
1043 188 1110 254 259

95 355 219 420 τόπεδα
247 350 456 438 ἐπιτρέπουσι
484 352 678 436 φυλάττειν,
709 351 789 417 όταν
817 350 948 431 ἐξίωσιν
975 352 1022 428 είς
1049 351 1111 434 τὴν

95 461 220 547 μάχην,
247 457 303 524 καί
327 455 376 543 ἐφ’
406 457 465 535 οὓς
487 463 711 543 τελευταίους,
739 458 819 524 όταν
842 458 952 547 άθρόα
976 455 1110 543 γένηται

94 577 162 632 τῶν
195 565 231 631 ἐν
260 565 345 650 ἀκμῇ
373 565 504 651 φθορά,
538 567 749 643 σπανίζοντες
779 563 890 652 ἑτέρας
920 563 1111 650 ἐπικουρίας

93 674 340 758 καταφεύγουσι
374 673 429 736 διδ
461 673 523 755 την
555 670 712 754 άνάγκην.
766 673 802 736 οί
832 669 862 736 δ’
899 671 1146 738 οῦολοῦσκοι5

92 777 163 846 κατ’
186 778 288 865 ἀρχάς
310 775 371 863 μέν
395 776 548 856 ἐδέξαντο
572 780 633 862 τὴν
654 780 779 863 ἔφοδον
802 777 912 843 αὐτῶν
935 776 989 842 καὶ
1013 776 1108 865 μέχρι
1136 795 1150 837 ι

92 890 219 951 πολλοῦ
251 883 406 968 διέμενον
439 882 593 969 ἐκθύμως
624 885 877 968 ἀγωνιζόμενοι,
909 886 1020 949 ἔπειτα
1053 886 1109 950 διά

92 993 154 1076 τὴν
177 1001 237 1057 τοῦ
260 994 384 1076 χωρίου
407 993 511 1076 φύσιν
535 999 802 1075 μειονεκτοῦντες
824 992 1031 1076 ὑπεχώρουν,
1053 990 1108 1056 καὶ

93 1097 188 1174 τέλος
214 1097 310 1180 ὀλίγα
338 1093 399 1181 μὲν
427 1100 506 1174 τοὺς
532 1100 709 1182 πολεμίους
736 1095 791 1163 καί
819 1097 880 1162 οῦιι
907 1096 982 1175 άξια
1005 1100 1108 1180 λόγου

94 1202 328 1290 ἐργασάμενοι,
357 1207 458 1268 πλείω
490 1201 519 1268 δ’
552 1202 647 1270 αὐτοὶ
676 1207 842 1280 παθόντες
871 1204 954 1268 κακά
982 1202 1108 1288 ὑπεχώ-

94 1325 200 1395 ρησαν
227 1311 275 1386 είς
304 1311 340 1375 τὸ
370 1311 496 1375 πεδίον.
549 1312 634 1375 ἔνθα
663 1309 1107 1395 καταστρατοπεδευσάμενοι
1122 1326 1148 1366 1⁰

93 1426 164 1491 ταῖς
187 1413 260 1499 ἑξῆς
282 1413 418 1503 ἡμέραις
441 1413 610 1495 ἐξέταττον
632 1418 695 1501 την
719 1415 862 1501 δύναμιν
886 1414 941 1481 καί
962 1415 1107 1503 προύκα-

94 1527 214 1587 λοῦντο
241 1525 320 1599 τοὺς
342 1519 524 1606 Ῥωμαίους
552 1525 599 1599 είς
625 1522 745 1608 μάχην,
774 1520 859 1588 οίδ’
888 1522 950 1588 οῦκ
974 1519 1107 1609 ἀντεξῄ-

93 1644 183 1694 εσαν.
229 1629 273 1704 ὡς
302 1625 338 1693 δὲ
365 1626 454 1694 τοῦτ’
481 1623 574 1694 είδον
601 1631 911 1717 καταφρονήσαντες
938 1629 1048 1695 αὐτῶν
1076 1629 1111 1695 οί
1123 1628 1143 1693 6

95 1734 304 1801 Οὐολοῦσκοι
333 1736 538 1801 συνεκάλουν
562 1734 598 1800 ἐκ
625 1746 693 1801 τῶν
719 1738 850 1802 πόλεων
875 1736 1031 1821 δυνάμεις
1052 1733 1108 1801 καὶ

92 1841 373 1927 παρεσκευάζοντο
389 1842 433 1918 ὡς
451 1840 640 1919 ἐξελοῦντες
657 1846 849 1931 πολυχειρίᾳ
867 1845 905 1909 τὸ
925 1843 1107 1931 φρούριον·
1123 1859 1149 1901 1⁵

93 1948 216 2034 ῥᾳδίως
237 1942 266 2012 τ’
293 1946 335 2012 δν
358 1946 589 2033 ἐξειργάσαντο
613 1946 696 2033 μέγα
720 1952 820 2035 ἔργον
843 1949 971 2014 ὑπάτου
994 1972 1029 2013 τε
1053 1947 1108 2014 καὶ

39 2050 268 2136 72οῬωμαικῆς
296 2054 468 2137 δυνάμεως
496 2053 516 2137 ἣ
545 2057 603 2140 βία
624 2057 844 2140 κρατήσαντες
866 2054 887 2138 ἣ
910 2053 965 2119 καί
989 2054 1108 2138 ὁμολο·
1194 2090 1200 2098 ·

92 2163 192 2242 γίαις·
220 2155 299 2225 οῦδέ
327 2160 390 2245 γάρ
418 2170 485 2224 τῶν
514 2157 709 2243 ἐπιτηδείων
737 2163 785 2226 ἔτι
815 2161 949 2245 εὐπόρει
978 2162 1015 2225 τὸ
1043 2184 1107 2245 χω-

93 2269 180 2348 ρίον·
205 2267 294 2349 ἐφθη
320 2261 356 2329 δὲ
379 2268 542 2351 πρότερον
566 2264 737 2352 ἐπικουρία
756 2263 928 2350 Ῥωμαίοις
948 2264 1107 2349 ἐλθοῦσα,

92 2369 150 2457 ὑφ’
176 2367 215 2454 ἧς
238 2370 457 2455 ἐκωλύθησαν
481 2372 516 2437 οί
538 2371 747 2438 Οὐολοῦσκοι
774 2374 811 2438 τὸ
837 2371 1013 2436 κάλλιστον
1037 2371 1105 2437 ἐπι-
1119 2393 1146 2434 εο

92 2484 204 2544 θεῖναι
231 2486 276 2564 τῷ
303 2475 436 2566 πολέμφ
464 2475 565 2554 τέλος.
612 2478 716 2565 δγδιρ
746 2477 855 2564 ἕτερος
880 2489 948 2543 τῶν
971 2477 1140 2548 ῦπάτωνῖ

92 2587 229 2649 Καίσων
254 2584 381 2668 Φάβιος
403 2585 534 2668 μαθών,
558 2582 595 2649 έν
613 2575 666 2661 αἷς
688 2580 731 2668 ἦν
751 2585 865 2670 τύχαις
883 2584 903 2667 η
923 2582 1107 2670 παραταξα-

92 2688 173 2775 μένη
200 2690 427 2767 Οὐολούσκοις
451 2690 603 2774 δύναμις,
631 2689 786 2774 ἐβούλετο
810 2687 871 2775 μέν
895 2691 939 2767 ὡς
962 2685 1028 2775 εἶχε
1051 2690 1107 2755 τά-

91 2820 171 2882 χους
199 2797 330 2861 ἅπασαν
357 2798 448 2880 άγων
478 2797 539 2879 τὴν
570 2798 714 2879 δύναμιν
743 2797 848 2874 εὐθὺς
880 2794 1005 2862 ἐπιέναι
1037 2805 1106 2872 τοίς

90 2908 308 2989 πολιορκοῦσι
335 2906 372 2969 τὸ
402 2903 576 2988 φρούριον.
627 2903 672 2980 ὡς
701 2900 730 2968 δ’
763 2903 825 2969 οῦκ
857 2903 983 2987 ἐγίνετο
1017 2901 1105 2989 αὐτῷ
1120 2921 1147 2963 τε

91 3007 249 3099 θυομένφ
272 3024 309 3075 τε
330 3007 385 3074 καὶ
408 3012 542 3085 οίωνοῖς
563 3008 723 3099 χρωμένω
746 3010 787 3075 τά
811 3010 882 3096 ίερδι
904 3009 999 3093 καλά,
1030 3005 1101 3073 ἀλλ’

200 3162 263 3232 ἐξωί
215 3166 333 3240 ξσ<ιν
352 3164 442 3234 είςη
409 3187 425 3220 τ
425 3165 483 3239 ην)
503 3166 550 3220 Bb
615 3163 723 3221 9πλέω
743 3165 766 3221 0
784 3168 912 3220 πλείωο.
935 3164 1080 3233 Kiessling
1100 3164 1104 3236 Ι

91 3238 321 3308 ἀπεχόρησανο.
340 3237 484 3319 Kieesling
571 3235 775 3292 1301add.B
864 3243 897 3291 14
915 3236 966 3299 τδις
984 3231 1015 3291 ἐκ
1033 3256 1056 3291 τ.
1076 3254 1105 3291 π.

90 3309 163 3364 δυνά
165 3325 267 3379 μειςο.
286 3307 408 3362 Kiosslin
541 3314 641 3363 16τοῦ
660 3306 769 3362 ῦαπάτου
788 3327 817 3362 τε
836 3307 952 3376 καὶτῆς
971 3306 1007 3361 P.
1031 3309 1056 3362 δ.
1082 3323 1105 3363 ο.

89 3329 193 3434 Reiske
285 3385 318 3434 17
338 3379 386 3433 καί
410 3327 570 3450 ἐμολογίαις
587 3377 667 3433 ABG
695 3377 769 3433 καθ’
791 3377 939 3448 ὁμολογίας
956 3379 982 3432 R
1072 3384 1105 3433 18

90 3450 246 3525 εόπόρ<ει>
265 3450 289 3503 Β
1061 3509 1067 3520 Ι

891 3539 944 3593 17*
