2424 3848
558 163 725 215 ,Θ-

100 326 170 404 2ἓξ
194 336 319 409 μηνῶν,
342 325 386 406 ὡς
408 325 426 390 ό
450 336 579 409 κρατῶν
602 323 702 402 ἔταξε.
744 322 799 388 καί
821 323 839 388 ὁ
863 319 924 407 μὲν
947 323 1072 398 ὕπατος
1093 328 1152 388 λα-

137 432 208 517 βὼν
235 432 274 496 τά
301 431 502 515 κομισθέντα
528 428 584 496 καὶ
612 431 750 507 διαδοὺς
777 439 816 515 τῇ
844 426 980 516 στρατιᾷ
1007 440 1152 494 ποιεῖται

22 617 24 620 ¹
136 540 193 615 τάς
219 540 302 622 πρὸς
329 537 450 612 αὐτοὺς
478 536 606 621 ἀνοχάς.
652 535 672 618 ή
701 531 738 600 δὲ
764 537 870 619 βουλή
893 543 950 618 τής
972 538 1211 619 πρεσβείας178ι

137 644 306 710 ἀκούσασα
335 641 390 707 καὶ
419 643 458 707 τδι
489 652 549 707 τοῦ
578 642 706 707 ὑπάτου
734 639 895 727 γράμματ’
923 640 1151 726 ἀναλεξαμένη

109 751 264 832 επολλήυ
291 747 494 832 ποιουμένου
521 748 728 832 παράκλησιν
754 745 809 811 καλ
836 756 1079 832 παραινοῦντος
1107 748 1152 825 ῶς

136 857 271 941 τάχιστα
290 853 496 919 καταθέσθαι
514 855 573 919 τὸν
591 855 674 938 πρὸς
689 855 767 940 τοὺς
785 855 979 937 Τυρρηνοὺς
992 856 1151 938 πόλεμον,

137 965 244 1046 δόγμα
272 960 423 1044 ἐξήνεγκε
451 962 584 1025 διδόναι
610 960 671 1043 τήν
699 960 850 1042 εἰρήνην,
879 958 924 1034 ῶς
951 955 1094 1043 ήτοῦντο
1119 962 1154 1024 οἰ

25 1108 35 1158 ⁴·
94 1059 95 1062 ¹
136 1067 300 1152 πολέμιοι·
325 1065 376 1152 ἐφ’
399 1058 449 1144 οἷς
467 1063 504 1131 δὲ
524 1068 665 1141 δικαίοις
683 1065 766 1151 αὕτη
786 1068 970 1149 γενήσεται,
989 1067 1049 1130 τὸν
1066 1065 1151 1130 ὕπα-

136 1165 195 1239 τον
226 1176 497 1257 καταστήσασθαι
527 1172 672 1236 Λεύκιον
702 1173 876 1255 Αἰμίλιον,
910 1170 954 1247 ῶς
986 1169 1028 1236 ἀν
1061 1172 1149 1260 αὐτῷ

97 1255 227 1369 1ῗῇφανή
249 1280 407 1363 κράτιστα
429 1277 525 1354 έξειν.
560 1278 681 1354 ταύτας
704 1278 817 1360 λαβὼν
838 1278 897 1352 τάς
920 1275 1149 1364 ἀποκρίσειςὸ

135 1386 260 1462 ὕπατος
279 1383 452 1450 σπένδεται
465 1384 547 1468 πρὸς
560 1386 639 1461 τοὺς
654 1383 889 1466 Οὐιεντανούς,
907 1382 1150 1469 ἐπιεικεστέραν

136 1496 263 1575 μᾶλλον
286 1491 306 1574 ή
330 1488 591 1575 συμφορωτέραν
609 1501 679 1565 τοῖς
696 1492 911 1574 κεκρατηκόσι
929 1490 1151 1574 ποιησάμενος

136 1599 284 1683 εἰρήνην,
308 1596 384 1660 οὔτε
407 1596 518 1690 χώραν
541 1594 651 1661 αὐτῶν
669 1594 912 1679 ἀποτεμόμενος
930 1595 1006 1660 οὔτε
1024 1581 1150 1681 χ’ρημάζ

136 1726 203 1767 των
226 1704 337 1767 ἀλλων
361 1697 487 1776 ἐπιθεὶς
511 1704 639 1785 ζημίαν,
662 1701 738 1766 οὔτε
762 1701 896 1785 ὁμήρων
920 1702 1012 1766 δόσει
1034 1705 1072 1767 τὸ
1096 1724 1149 1767 πι-

89 1785 216 1896 ’ἐστὸν
240 1807 277 1873 έν
299 1819 369 1884 τοῖς
392 1805 619 1891 συγκειμένοις
641 1808 915 1892 βεβαιωσάμενος.
951 1805 1039 1873 τοῦτ’
1059 1809 1148 1895 αὐτῷ

101 1918 104 1924 ’
136 1913 240 1999 μέγαν
267 1916 385 1998 ήνεγκε
413 1916 563 1998 φθόνον,
589 1911 645 1978 καὶ
672 1924 733 1980 τοῦ
761 1915 805 1998 μή
833 1916 948 1997 λαβεῖν
975 1915 1064 1994 παρὰ
1092 1923 1149 1998 τῆς

136 2025 259 2105 βουλῆς
291 2007 348 2096 τάς
381 2017 434 2084 ἐπὶ
466 2031 535 2097 τοῖς
566 2018 843 2104 κατωρθωμένοις
873 2019 1009 2104 χάριτας
1040 2026 1148 2086 αἰτιον

137 2125 274 2208 ἐγένετο.
311 2122 490 2208 ἐνέστησαν
502 2110 571 2210 ’γάρ
591 2125 679 2212 αὐτῷ
698 2128 757 2191 τὸν
775 2128 944 2210 θρίαμβον
963 2124 1149 2214 αἰτουμένῳ

135 2233 197 2316 τήν
220 2232 405 2296 αὐθάδειαν
428 2231 617 2313 αἰτιῶμενοι
638 2241 705 2295 τῶν
725 2236 916 2314 συνθηκῶν,
939 2229 990 2294 ότι
1009 2230 1050 2295 οὐ
1068 2233 1150 2314 μετὰ

38 2357 40 2360 ’
96 2360 123 2399 ιο
136 2346 249 2420 κοινής
270 2339 403 2422 γνώμης
425 2336 526 2413 αὐτάς
548 2334 695 2421 ἔπραξεν.
737 2337 792 2400 ἵνα
816 2332 852 2400 δὲ
876 2337 919 2419 μή
942 2338 1025 2420 πρὸς
1047 2335 1151 2420 ὕβριν

124 2443 157 2527 ’ή
180 2445 263 2528 πρὸς
285 2444 391 2527 ὀργήν
414 2442 498 2527 λάβη
521 2445 557 2507 τὸ
580 2451 728 2526 πρᾶγμα,
756 2439 809 2506 ἐπὶ
834 2441 1068 2518 Οὐολούσκους
1091 2443 1150 2506 αὐ-

136 2552 195 2615 τὸν
222 2549 426 2634 ἐψηφίσαντο
454 2548 515 2630 τήν
543 2548 687 2631 δύναμιν
711 2547 851 2631 ἀπάγειν
874 2533 1064 2632 ἐπικουρίας
1087 2558 1211 2620 τοῦιῑοί

136 2656 360 2740 συνάρχοντος
370 2653 476 2737 ἕνεκα,
489 2655 521 2718 εί
532 2654 668 2719 δύναιτο
682 2656 897 2739 κατορθώσας
905 2656 964 2718 τὸν
975 2652 1150 2719 ἰκεῖπόλε-

136 2787 200 2848 μου
216 2797 254 2807 -
271 2755 313 2842 ήν
337 2760 400 2842 γάρ
425 2761 460 2825 έν
483 2758 571 2847 αὐτῷ
595 2761 680 2824 πολὺ
702 2761 738 2824 τὸ
758 2757 915 2844 ἀνδρεῖον
932 2758 1149 2844 -ἀφανίσαι

98 2889 124 2929 ιι
137 2869 196 2945 τὰς
219 2864 272 2932 έπλ
294 2877 362 2941 τοῖς
384 2863 555 2960 προτέροις
578 2863 806 2955 ἁμαρτήμασιν
827 2865 936 2948 ὀργάς.
973 2863 1041 2930 ὁδ’
1063 2865 1149 2950 ἀνήρ

138 2971 331 3058 ἀγανακτῶν
359 2969 411 3036 έπί
439 2980 477 3055 τῇ
507 2969 618 3058 ἀτιμίᾳ
640 2972 768 3054 πολλήν
790 2970 965 3054 ἐποιήσατο
988 2980 1045 3054 τῆς
1069 2976 1149 3054 βου-

207 3135 223 3182 3
243 3127 389 3200 <ἀ>νοχδις
408 3127 430 3179 Β
484 3134 501 3180 4
520 3124 659 3196 δεξαμένη
679 3126 701 3180 Ο
721 3125 914 3196 ἀναλεξαμένη
933 3143 955 3181 ο.
973 3126 1062 3180 Cobet
1081 3126 1148 3181 Obs.

36 3205 40 3212 ’
136 3221 162 3270 p.
180 3208 228 3256 17⁷
304 3197 448 3253 6θέσθαι
466 3197 512 3251 Ba
586 3195 736 3266 8γένηται
755 3197 777 3250 Ο
796 3197 942 3266 γενήσεται
960 3214 984 3250 (ι.
1001 3197 1150 3259 Baumann

136 3273 172 3325 de
190 3289 243 3325 usu
261 3270 335 3323 mod.
350 3288 378 3350 ρ.
393 3277 426 3324 42
484 3274 517 3322 14
535 3267 646 3412 ww}
657 3267 743 3336 ἀλλην
762 3269 809 3322 vel
822 3267 908 3330 ἄλλως
926 3267 1029 3322 maluit
1043 3268 1149 3323 Reiske

70 3341 73 3347 ⁴
137 3349 169 3465 ἑὸ
190 3337 412 3466 ένίδοΙ.ΑΙίειε1τε
466 3345 500 3394 23
519 3339 626 3412 δόν<αι
648 3358 680 3393 το
698 3339 721 3391 Β
742 3344 746 3407 Ι
767 3342 947 3421 κατορθῶσαι
965 3338 990 3390 Α
1046 3346 1082 3394 24
1101 3339 1150 3392 καλ

156 3431 215 3480 φαν
229 3432 275 3467 σαι
837 3447 842 3459 ·
