2378 3840
516 190 683 239 -Η-
1043 187 1106 253 151

84 352 196 417 πόλιν.
242 350 461 435 παραδόντων
493 343 531 413 δέ
560 348 717 433 κάκείνην
740 360 808 415 τῶν
839 350 939 416 ἔνδον
964 347 1106 436 ἀμαχητὶ

84 454 142 521 καὶ
166 456 248 540 μετά
264 460 389 539 πολλῆς
403 447 595 538 ’προθυμίας
613 454 736 541 ἀγοράς
753 479 789 521 τε
807 458 1046 541 παρασχόντων
1065 464 1107 542 τῇ

69 562 231 646 ’δυνάμει
259 559 315 627 καὶ
337 562 486 647 χρήματα
508 559 564 626 καὶ
586 561 648 626 ὅσα
671 563 756 626 ᾶλλα
778 561 969 628 ἐπετέτακτο
993 562 1107 641 αὐτοῖς

86 667 193 751 ἀπῆγε
216 670 279 752 τήν
302 668 459 754 στρατιάν
477 667 521 744 ὡς
545 668 600 731 διᾶ
623 670 735 752 φιλίας
757 677 826 752 γης.
871 669 961 735 πάνυ
980 663 1043 756 γάρ
1064 651 1143 755 δή5

85 773 143 840 καὶ
161 773 251 841 τοῦτ’
274 773 487 856 ἐσπούδαζεν,
505 773 549 849 ὡς
567 769 672 857 μηδὲν
690 774 725 839 οί
735 775 976 860 παραδιδόντες
992 775 1106 854 αὐτοῖς
1133 796 1148 836 5

85 882 145 958 τᾶς
158 883 273 958 πόλεις
285 881 439 964 πάθοιεν,
455 873 503 944 ὧν
521 884 615 964 φιλελ
631 880 715 965 δρᾶν
734 880 752 946 ὁ
770 883 925 964 πόλεμος,
948 881 1032 947 ἀλλᾶ
1050 881 1107 948 καὶ

85 995 151 1070 γῆν
171 984 326 1072 ἀδῄωτον
346 985 614 1069 ἀπολαμβάνοιεν
630 983 685 1050 καὶ
703 987 894 1070 βοσκήματα
907 986 964 1052 καὶ
982 988 1107 1074 ἀνδρά-

84 1094 187 1176 ποδα,
207 1093 270 1158 ὅσα
282 1092 457 1159 κατέλιπον
472 1090 606 1157 ἐπὶτῶν
620 1095 779 1177 κτήσεων,
794 1096 994 1177 κομίζοιντο,
1013 1093 1107 1159 αύλί-

86 1201 207 1277 ζεσθαί
231 1195 260 1265 τ’
286 1198 348 1265 οὐκ
373 1206 426 1265 εία
453 1201 515 1284 τήν
539 1199 684 1282 δύναμιν
707 1197 744 1264 ἐν
766 1209 838 1276 ταῖς
865 1203 1019 1284 πόλεσιν,
1048 1201 1106 1264 ἵνα
1168 1226 1170 1231 ·

85 1307 131 1389 μή
150 1329 183 1370 τι
201 1303 336 1390 γένηται
355 1302 399 1371 δι’
418 1304 566 1391 ἁρπαγης
583 1305 665 1389 πρὸς
683 1302 794 1369 αὐτῶν
812 1304 832 1388 ή
847 1309 972 1389 κλοπῆς
989 1308 1106 1389 κακόν,
1120 1326 1149 1366 ιο

86 1409 173 1476 άλλᾶ
196 1412 285 1497 παρά
307 1421 376 1487 τοῖς
398 1413 519 1495 τείχεσι
541 1408 887 1496 κατεστρατοπέδευεν.

154 1515 228 1580 XX.
252 1509 331 1581 Ἀπδ
350 1512 388 1581 δὲ
404 1517 525 1599 ταύτης
547 1515 733 1600 ἀναστήσας
755 1525 813 1601 τῆς
833 1518 960 1594 πόλεως
981 1518 1106 1601 ήλαυνε

85 1625 146 1688 τὸν
171 1624 313 1707 στρατὸν
336 1619 390 1686 ἐπὶ
412 1625 571 1706 Βοίλλας,
598 1621 741 1707 ἐπιφανῆ
765 1626 837 1688 τότε
861 1618 968 1689 οὖσαν
989 1622 1045 1689 καὶ
1069 1624 1106 1690 ἐν

17 1730 216 1813 ιοιοόλίμαις
238 1728 327 1794 πάνυ
348 1738 421 1805 ταῖς
437 1727 639 1812 ἡγουμέναις
655 1739 715 1795 τοῦ
733 1732 889 1795 Λατίνων
907 1729 1026 1813 γένους
1046 1735 1108 1797 πό·

85 1841 181 1901 λεσιν
205 1831 446 1920 ἐξεταζομένην.
492 1833 533 1900 ού
555 1833 830 1919 προσδεξαμένων
854 1833 884 1901 δ’
909 1837 1015 1903 αὐτὸν
1035 1849 1103 1903 τᾶν
1117 1855 1144 1896 1⁶

85 1943 203 2024 ἔνδον,
240 1940 324 2007 ἀλλὰ
355 1949 400 2028 τῷ
432 1936 462 2005 τ’
500 1939 637 2024 ἐρύματι
667 1944 893 2007 πιστευόντων
925 1942 1032 2030 ἐχυρῷ
1066 1967 1104 2026 γε

86 2048 220 2134 σφόδρα
248 2048 320 2111 όντι
346 2044 474 2134 καὶτῷ
500 2049 623 2130 πλήθει
653 2058 720 2112 τῶν
747 2045 800 2112 ἀπ’
834 2048 937 2114 αὐτοῦ
960 2065 1105 2133 μαχησο-

86 2153 198 2240 μένων
220 2151 451 2239 παρακαλέσας
477 2153 538 2236 τήν
564 2153 708 2241 δύναμιν
732 2152 953 2237 ἀγωνίζεσθαι
975 2155 1105 2239 προθύ-

86 2285 156 2346 μως
186 2257 244 2325 καὶ
271 2271 341 2336 τοῖς
371 2258 514 2344 πρώτοις
546 2258 678 2342 ἐπιβᾶσι
709 2269 770 2325 τοῦ
801 2264 931 2346 τείχους
959 2262 1104 2345 μεγάλας

86 2367 214 2453 δωρεᾶς
241 2365 468 2450 ὑποσχόμενος
499 2366 600 2450 ἔργον
630 2371 751 2451 εἴχετο·
779 2364 837 2431 καὶ
858 2369 989 2450 ’γίνεται
1016 2367 1145 2453 μάχηαι

84 2470 162 2558 περὶ
184 2481 223 2557 τη
247 2474 342 2537 πόλει
364 2471 467 2555 ταύτη
489 2471 640 2556 καρτερά.
686 2472 727 2537 ού
749 2473 813 2558 γάρ
832 2476 938 2556 μόνον
961 2472 1025 2539 ἀπὸ
1043 2476 1139 2540 τοῦ2

14 2583 218 2664 ισιθτείχους
240 2579 407 2661 ἠμύνοντο
430 2579 509 2653 τοὺς
530 2579 729 2662 προσιόντας
751 2578 787 2643 οί
803 2580 996 2662 Βοιλλανοί,
1019 2579 1104 2644 ἀλλὰ

84 2683 141 2751 καὶ
159 2685 218 2762 τάς
235 2685 341 2760 πύλας
358 2681 548 2761 ἀνοίξαντες
566 2680 701 2761 ἐξέθεον
719 2681 841 2768 ἀθρόοι
863 2680 920 2747 καὶ
942 2685 1024 2748 κατὰ
1042 2693 1104 2749 τοῦ

84 2801 236 2878 πρανοῦς
271 2789 404 2856 ἐώθουν
441 2791 498 2876 βίᾳ
529 2791 607 2865 τοὺς
638 2788 896 2874 ὑφισταμένους·
932 2790 1037 2873 φόνος
1068 2812 1104 2856 τε

158 3016 244 3073 2καλ
262 3017 299 3079 ὡς
317 3015 386 3085 μετὰ
401 3014 424 3069 Ο
442 3014 595 3085 praeterB
668 3014 757 3084 4γᾶρ
777 3014 812 3083 δή
832 3014 881 3069 καλ
894 3015 920 3067 Α
937 3013 991 3084 γὰρ
1009 3014 1059 3069 καὶ
1076 3015 1103 3069 R

87 3090 219 3151 ὂαύτοῖς
238 3087 261 3142 0
280 3087 361 3143 αύτοὶ
379 3085 524 3155 Kiessling
584 3092 616 3140 13
636 3085 726 3158 βωλᾶς
743 3086 769 3138 Α
788 3085 871 3159 βολάς
888 3084 911 3137 Β
931 3101 1001 3139 corr.
1021 3085 1103 3140 Gele-
1156 3091 1161 3095 '

86 3160 150 3214 nius
169 3177 185 3214 e
205 3158 303 3228 Steph.
321 3158 387 3226 Byz.
407 3175 469 3222 sa.
488 3158 605 3219 Βοίλλας
620 3161 624 3224 Ι
642 3152 767 3225 ἐπιφανῆ
786 3177 816 3211 τε
834 3156 896 3212 τότε
911 3155 934 3210 Ο
949 3158 1062 3225 praeter
1079 3158 1102 3211 B

89 3238 122 3288 16
141 3227 232 3302 ἐχυρῷ
250 3249 281 3284 τε
300 3229 360 3284 ἀντι
379 3227 490 3297 σφόδρα
509 3227 532 3282 Ο
555 3226 708 3296 μεωελοεΒ
800 3234 832 3282 19
851 3228 970 3297 πράτοις
989 3223 1102 3301 ἐπιβᾶσι

88 3302 244 3370 Βπρώτως
263 3300 425 3372 ἐπιβαλοῦσι
443 3298 469 3352 Β
545 3305 579 3352 22
599 3296 760 3353 ΒολανολΒ
833 3305 867 3353 23
887 3293 1003 3365 ἐξέθεον
1022 3301 1103 3354 ἀνοί-

88 3373 196 3498 ξιιντες8
204 3366 277 3496 qb&
296 3372 459 3440 ἀνοίγοντες
476 3369 502 3422 R
520 3385 590 3424 corr.
608 3367 713 3424 Bseiske
802 3375 837 3423 24
857 3368 1058 3439 ἐφισταμένους
1078 3370 1101 3425 0

89 3460 157 3500 corr.
197 3461 217 3512 y
249 3460 302 3512 urg
