2424 3848
100 184 143 249 84
524 187 685 234 -Ζ-

100 365 171 412 σειν
200 347 263 430 γάρ
292 345 333 410 οὐ
361 346 461 430 μικρά
487 354 532 432 τῷ
561 346 793 411 κινδυνεύοντι
823 348 879 411 καλ
905 348 1045 424 τούτους
1068 351 1161 426 είςλλε

100 455 261 535 σωτηρίας
280 451 400 536 ῥοπην·
419 450 474 517 καὶ
492 453 537 536 μὴ
556 455 662 536 μόνον
680 451 802 530 αὐτοὺς
820 453 925 530 οὕτως
943 456 1031 538 ἔχειν
1044 465 1116 532 ταῖς

100 560 256 643 γνώμαις,
280 557 363 623 ἀλλά
385 556 440 623 καὶ
462 558 603 635 πελάτας
625 557 764 625 ἕκαστον
787 561 865 636 τούς
888 559 992 626 αὑτοῦ
1010 581 1117 647 παρα-

100 671 213 731 καλεῖν
236 663 291 730 καὶ
309 667 428 750 φίλους
446 664 616 748 συνάγειν,
638 663 693 730 καὶ
716 671 750 731 εί
768 690 860 744 τινας
878 668 1008 744 οἰκείως
1026 670 1116 754 ἔχειν

73 776 196 857 εσφίσι
223 782 289 837 τῶν
318 772 504 856 δημοτικῶν
534 769 578 836 δι’
610 771 798 856 εὐεργεσίας
828 773 1116 858 ὑπολαμβάνουσι,

100 877 155 944 καὶ
177 879 316 954 τούτους
337 875 416 942 νυνὶ
433 880 494 962 την
513 881 675 963 πρότερον
698 878 918 964 ὀφειλομένην
939 881 1038 966 χάριν
1062 880 1116 946 ἐπὶ

64 992 157 1070 4τῖγς
174 988 387 1070 ψηφοφορίας
405 983 564 1050 ἀπαιτεῖν.
601 988 638 1050 τό
656 1009 691 1050 τε
709 988 933 1072 φιλόχρηστον
947 986 1002 1052 καὶ
1020 1006 1116 1072 μισο-

99 1096 248 1177 πόνηρον
280 1091 341 1180 ούκ
371 1090 486 1174 ὀλίγον
518 1089 687 1176 ἀπέφηνεν
719 1091 755 1157 ἐκ
774 1101 847 1163 ,τοῦ
879 1094 987 1177 δημου
1014 1092 1117 1180 μέρος

101 1199 275 1284 ἐσόμενον,
304 1196 360 1263 καὶ
390 1201 437 1263 ἔτι
464 1202 580 1263 πλεῖον
607 1199 744 1281 τούτου,
776 1197 794 1264 ὀ
822 1201 904 1286 πρὸς
931 1200 988 1276 τάς
1014 1201 1117 1285 τύχας

60 1331 86 1371 ιο
99 1307 238 1391 πάσχειν
265 1330 297 1371 τι
329 1307 386 1382 τάς
413 1304 631 1390 ἀνθρωπίνας
657 1303 713 1370 καὶ
740 1305 843 1371 ἐλεεῖν
873 1301 945 1371 οἶδε
971 1309 1050 1384 τοὺς
1077 1307 1116 1373 έν

98 1424 168 1489 τοῖς
194 1411 392 1496 ἀξιώμασιν,
422 1411 502 1476 ὅταν
531 1413 577 1488 είς
604 1412 741 1475 ταπεινά
768 1410 914 1477 πέσωσιν
941 1411 1053 1478 αὐτῶν
1081 1415 1119 1480 αλ

64 1520 203 1603 5τύχαι.
255 1517 273 1583 δ
308 1514 345 1582 δὲ
378 1522 502 1582 πλείων
534 1520 633 1599 λόγος
663 1516 789 1600 έγίνετο
818 1517 907 1605 αὐτῷ
939 1520 1023 1604 πρὸς
1055 1522 1115 1586 τὸν

99 1623 256 1709 Μάρκιον
277 1624 484 1707 παράκλησιν
507 1626 593 1709 έχων
615 1624 811 1706 νουθετήσει
835 1623 1039 1709 μεμιγμένην
1059 1624 1115 1692 καὶ

100 1728 215 1812 δέησιν
238 1729 373 1815 ἀνάγκη.
419 1727 514 1812 ἠξίου
538 1730 601 1814 γάρ
626 1729 728 1796 αὐτόν
735 1779 745 1815 ,
773 1728 843 1795 ἐπεὶ
867 1730 1033 1796 διιστάναι
1055 1735 1115 1799 τὸν

60 1861 85 1902 ιε
100 1838 207 1920 δῆμον
231 1836 294 1902 ἀπὸ
312 1844 369 1918 τῆς
387 1839 510 1920 βουλῆς
528 1838 638 1902 αότίαν
656 1835 795 1922 ἔχεικαὶ
813 1839 1009 1921 τυραννικὸς
1028 1834 1115 1903 εἶναι

101 1944 312 2027 διαβάλλεται
341 1943 397 2007 διά
418 1943 479 2025 τὴν
507 1943 692 2008 αὐθάδειαν
719 1953 779 2009 τοῦ
806 1947 949 2026 τρόπον,
977 1943 1054 2021 δέος
1079 1968 1114 2010 τε

100 2048 303 2135 παρέστηκεν
327 2050 440 2131 ἀπασι,
463 2050 507 2132 μὴ
526 2046 571 2113 δι’
592 2048 694 2115 αὐτὸν
713 2048 797 2135 ἀρχὴ
818 2048 952 2133 γένηται
970 2051 1129 2128 στάσεωςι
1142 2092 1161 2102 -

100 2154 155 2220 καὶ
178 2167 289 2220 κακῶν
312 2153 518 2239 ἀνηκέστων,
546 2155 566 2220 ἀ
590 2152 751 2239 φέρουσιν
779 2153 935 2240 ἐμφύλιοι
963 2159 1114 2241 πόλεμοι,

101 2264 145 2346 μὴ
168 2273 277 2327 ποιεῖν
301 2260 439 2345 ἀληθεῖς
460 2258 515 2326 καὶ
534 2264 649 2347 κυρίοις
667 2262 723 2337 τάς
741 2258 810 2326 κατ’
834 2261 937 2327 αὐτοῦ
956 2264 1114 2347 διαβολάς

61 2393 87 2432 εο
101 2367 243 2452 μένοντα
273 2367 310 2432 έν
341 2375 386 2454 τῷ
416 2364 640 2454 φθονουμένῳ
670 2377 729 2433 τοῦ
760 2371 854 2452 βίον,
886 2366 970 2432 ἀλλά
1006 2378 1114 2454 σχῆμα

99 2477 255 2539 ταπεινὸν
283 2475 477 2557 μεταλαβεῖν
504 2469 560 2536 καὶ
587 2484 656 2548 τοῖς
684 2472 871 2538 ἀδικεῖσθαι
895 2472 1030 2556 λέγουσι
1053 2477 1114 2559 την

100 2580 255 2659 ἐξουσίαν
278 2590 338 2645 τοῦ
362 2580 511 2662 σώματος
533 2589 726 2664 παρασχεῖν,
748 2576 802 2643 καὶ
822 2580 866 2662 μη
885 2580 1023 2663 φεύγειν
1041 2583 1114 2646 ἀίδι-

65 2698 159 2760 6κον
188 2690 332 2772 έγκλημα
363 2687 450 2774 λόγῳ
483 2684 563 2768 μετά
596 2686 689 2767 δίκης
720 2684 960 2769 ἀπολυόμενον.
1010 2698 1114 2753 ταῦτα

99 2795 161 2878 γάρ
191 2793 279 2881 αὐτῷ
307 2794 390 2877 πρός
416 2815 449 2856 τε
480 2793 646 2877 σωτηρίαν
678 2789 906 2877 ἀσφαλέστατα
939 2787 1025 2857 εἶναι
1059 2792 1119 2860 καλ

61 2927 86 2967 τε
100 2903 182 2986 πρὸς
195 2898 361 2982 εὐδοξίαν,
380 2893 419 2981 ης
433 2895 592 2980 ὀρέγεται,
611 2899 820 2981 λαμπρότατα
834 2895 889 2962 καὶ
902 2909 972 2975 τοῖς
984 2921 1129 2986 προυπ-

172 3097 185 3143 1
206 3089 292 3161 μικρά
307 3121 339 3130 -
355 3086 490 3159 σωτηρίας
509 3085 599 3159 ῥοπὴν
619 3087 641 3141 Ο
681 3088 763 3157 ικράν
778 3120 810 3128 -
827 3091 964 3159 σωτηρίαν
979 3086 1005 3161 ᾇ.
1019 3091 1130 3146 Kiess‘

99 3161 161 3230 ling
223 3160 391 3215 3αότούΒ
455 3158 629 3230 σπροτέραν
695 3176 764 3214 corr.
784 3159 906 3228 Sylburg
970 3162 1128 3231 vm„

99 3237 165 3287 πολι
183 3232 231 3285 καὶ
249 3231 438 3301 μισοπόνηρον
461 3228 622 3302 χρηστόνΟ
650 3230 769 3300 χρηστὸν
793 3229 848 3285 del.
866 3230 1011 3302 Kiessling
1034 3232 1124 3303 vada

361 3319 461 3372 ρστον

100 3391 203 3443 χρησον
222 3390 256 3427 ex
275 3322 405 3442 φιλόἀοάι
424 3373 469 3444 (cf.
484 3373 537 3427 VII
551 3378 593 3440 62,
609 3373 636 3439 3)
651 3387 703 3440 ego
755 3377 770 3425 9
785 3371 834 3427 καλ
845 3372 906 3429 ..Β
964 3380 997 3429 10
1010 3375 1117 3444 πάσχει

101 3446 123 3499 0
142 3444 260 3515 πάσχειν
278 3443 421 3515 Kiessling
493 3451 527 3498 23
546 3442 756 3512 ἀπολυσόμενον
775 3461 798 3500 ο,
818 3443 921 3500 Reiske
