2378 3840
539 187 701 235 ..z-

81 345 275 430 4δέδεγμαι
298 346 426 421 ταύτας.
464 345 563 422 αὐτὸς
585 341 615 410 δ’
639 343 677 410 ἐκ
692 356 759 410 τῶν
777 345 894 410 ὕπνων
912 346 1037 430 ἔφησεν
1058 342 1140 411 ἀνα-

116 454 194 529 στάς
220 449 297 538 παρ’
325 447 425 517 οὐδὲν
452 450 643 535 ἡγήσασθαι
669 453 707 518 τὸ
731 453 831 538 ὀναρ,
859 448 930 517 ἀλλ’
952 449 990 516 ἕν
1011 473 1046 515 τι
1070 459 1140 514 τῶν

115 564 249 624 πολλῶν
276 556 331 624 καὶ
360 557 535 642 ἀπατηλῶν
558 556 750 643 ὑπολαβεῖν.
796 554 895 624 ἔπειτ’
921 557 1010 644 αὐτῷ
1034 557 1140 623 πάλιν

115 666 197 730 κατὰ
224 667 302 742 τοὺς
329 664 457 741 ὕπνους
485 660 645 749 ἐπιφανὲν
672 664 771 730 ταύτὸ
799 665 941 730 εῖδωλον
967 671 1028 729 τοῦ
1050 669 1140 730 θεοῦ

90 775 328 857 ιχαλεπαίνειν
348 794 383 836 τε
402 769 457 835 καί
476 770 685 855 ἀγανακτεῖν,
707 770 758 836 ὅτι
777 770 840 837 οῦκ
858 768 1034 855 ἀπήγγειλε
1053 771 1181 856 πρδς14ῖ

116 878 178 961 τήν
202 878 329 962 βουλήν
351 878 391 942 τά
414 875 648 962 κελευσθέντα,
671 874 726 942 καί
743 875 904 961 ἀπειλεῖν,
926 878 958 942 εἰ
973 877 1018 960 μή
1037 885 1139 942 τοῦτο

117 985 233 1069 δράσει
261 985 317 1048 διδ
344 982 487 1068 ταχέων,
515 984 565 1049 ὅτι
594 986 658 1049 σὺν
683 983 815 1072 μεγάλφ
839 983 1024 1067 μαθήσεται
1046 991 1138 1072 κακῷ

117 1093 161 1175 μή
188 1090 365 1174 ὀλιγωρεῖν
387 1100 454 1155 τῶν
479 1090 673 1173 δαιμονίων.
720 1090 804 1154 ἰδὼν
828 1084 865 1153 δέ
887 1086 943 1153 καί
965 1090 1003 1155 τὸ
1027 1089 1140 1155 δεύτε-

117 1221 179 1283 ρον
198 1199 294 1280 ὀναρ,
311 1198 373 1281 τήν
392 1195 498 1280 αὐτὴν
517 1199 580 1281 ἐφη
593 1198 798 1279 ποιήσασθαι
813 1192 890 1279 περὶ
905 1194 1009 1261 αὐτοῦ
1023 1194 1139 1280 δόξαν,

76 1302 172 1370 ιοκαί
196 1304 262 1388 ἀμα
286 1300 330 1368 δι’
355 1303 514 1388 αἰσχύνης
539 1304 654 1387 [ἔχειν]
678 1304 716 1369 τὸ
738 1311 873 1386 πρᾶγμα
896 1305 1027 1386 λαβεῖν,
1050 1301 1137 1389 ἀνήρ

117 1411 301 1495 αὐτουργὸς
324 1407 379 1474 καί
402 1407 510 1494 γέρων
534 1408 687 1496 ὀνείρατα
709 1410 792 1494 πρὸς
813 1408 875 1493 τήν
895 1409 1023 1492 βουλήν
1042 1405 1138 1493 ἐκφέ-

117 1540 190 1602 ρειν
213 1515 339 1591 ὀττείας
361 1513 416 1580 καί
436 1515 601 1599 δειμάτων
620 1515 733 1599 μεστά,
756 1516 800 1599 μή
820 1513 875 1580 καὶ
893 1512 1020 1597 γέλωτα
1039 1515 1136 1600 ὀφλη.

82 1621 245 1704 ὃόλίγαις
264 1617 294 1684 δ’
313 1620 454 1705 ὕστερον
471 1619 610 1705 ήμέραις
628 1623 687 1686 τὸν
705 1621 782 1686 νίὀυ
800 1620 904 1687 αὐτοῦ
918 1619 997 1686 νέον
1011 1620 1138 1706 <ὀντα>

117 1725 172 1791 καί
195 1728 298 1792 καλὸν
322 1725 398 1790 οὔτε
417 1725 483 1791 ὑπὸ
502 1728 613 1790 νόσων
633 1727 709 1792 οὔτε
728 1724 784 1792 ὑπ’
803 1728 905 1810 άλλης
921 1727 1013 1803 τινὸς
1031 1729 1140 1805 αἰτίας

77 1861 104 1900 ιτ
118 1841 265 1919 φανερᾶς
283 1830 539 1918 ἀναρπασθέντα
559 1833 734 1917 αἰφνιδίως
749 1831 947 1898 ἀποθανεῖν·
966 1830 1023 1898 καί
1036 1827 1140 1911 αὖθις

117 1942 179 2024 τήν
205 1949 266 2006 τοῦ
293 1945 378 2005 θεοῦ
406 1940 485 2018 ὀήιν
513 1950 677 2024 φανεῖσαν
706 1938 743 2006 ἐν
766 1949 835 2016 τοῖς
857 1939 976 2017 ὕπνοις
998 1941 1140 2025 δηλοῦν,

118 2046 169 2112 ὅτι
196 2054 253 2131 τής
280 2046 463 2128 ὑπεροψίας
486 2044 541 2111 καί
563 2055 620 2129 τής
642 2049 920 2132 καταφρονήσεως
933 2056 1009 2114 ,τῶν
1032 2046 1138 2115 αὐτοῦ

117 2157 228 2236 λόγων
251 2154 312 2237 τήν
335 2149 396 2236 μέν
414 2155 479 2237 ήδη
499 2150 623 2217 δέδωκε
643 2152 739 2236 δίκην
757 2152 818 2216 τὸν
835 2153 913 2218 υἰόν
931 2150 1139 2238 ἀφαιρεθείς,

83 2260 176 2336 ὀτάς
203 2255 233 2324 δ’
261 2258 377 2342 ὀλίγον
404 2258 546 2343 ὕστερον
571 2258 679 2323 δώσει.
724 2266 826 2322 ταῦτα
850 2253 879 2322 δ’
903 2257 1047 2335 ἀκούσας
1071 2260 1181 2344 ἐφηιλῖ

77 2393 104 2432 νο
117 2361 195 2430 καθ’
223 2363 351 2448 ἡδονήν
380 2363 539 2443 δέξασθαι
567 2365 626 2429 τὸν
653 2365 771 2446 λόγον,
798 2364 830 2427 εἰ
853 2359 968 2446 μέλλοι
990 2364 1138 2443 θάνατος

118 2472 207 2559 αὐτῷ
232 2470 428 2537 ἐλεύσεσθαι
450 2472 694 2556 παρημεληκότι
717 2476 778 2535 τοῦ
801 2472 892 2553 βίου·
915 2472 974 2535 τὸν
998 2466 1035 2536 δὲ
1053 2474 1139 2538 θεὸν

118 2578 159 2644 οὐ
189 2577 313 2661 ταύτην
343 2578 431 2665 αὐτῷ
462 2583 663 2662 προσθεῖναι
691 2577 752 2659 τήν
779 2577 958 2660 τιμωρίαν,
988 2574 1060 2643 ἀλλ’
1091 2580 1139 2656 εἰς

118 2686 246 2751 ἅπαντα
276 2685 315 2748 τά
346 2681 428 2767 μέλη
458 2692 519 2751 τοῦ
550 2684 699 2766 σώματος
726 2681 915 2766 ἀφορήτους
941 2680 997 2747 καί
1025 2683 1139 2761 δεινάς

118 2791 274 2877 ἐμβαλεῖν
299 2789 496 2874 ἀλγηδόνας,
519 2789 601 2854 ὥστε
624 2783 730 2872 μηδὲν
748 2789 880 2873 ἀρθρον
898 2788 980 2854 ἀνευ
997 2789 1138 2855 κατατά-

79 2925 105 2965 ττ
120 2916 203 2976 σεως
229 2905 287 2981 τῆς
314 2896 451 2983 ἐσχάτης
474 2896 642 2961 δύνασθαι
664 2905 781 2960 κινεῖν.
826 2896 900 2959 τότε
924 2895 966 2978 δή
990 2906 1060 2971 τοῖς
1082 2900 1137 2981 φί-

192 3098 203 3143 l
225 3086 309 3158 *ἔφη
329 3087 352 3143 0
372 3085 478 3156 ἔφησεν
497 3083 604 3140 correxi
676 3089 692 3139 8
711 3084 761 3138 καί
780 3084 913 3156 δεύτερον
932 3085 964 3141 τό
983 3085 1053 3158 ὀναρ
1073 3086 1137 3142 Sin-

118 3159 192 3213 tenis
211 3161 271 3213 Em!
292 3158 372 3213 Dion.
393 3158 432 3212 III
448 3164 480 3212 16
554 3161 587 3210 10
607 3152 682 3225 ἔχειν
701 3155 755 3218 δελ.
774 3155 878 3210 Reiske
952 3163 981 3211 11
1004 3153 1137 3230 ἐκφέρειν

119 3230 141 3284 0
163 3226 290 3299 ἐκφέρων
309 3247 332 3283 ο.
347 3229 414 3283 Reiz
434 3228 471 3282 ad
489 3226 605 3282 Lucian.
624 3226 695 3280 rhet.
714 3241 808 3295 praec.
828 3234 862 3280 24
928 3234 960 3282 13
980 3227 1049 3283 ὄντα
1070 3229 1135 3285 εδδ.

117 3299 221 3354 Reiske
282 3308 314 3356 lb
334 3297 572 3371 συναρπασθέντα
592 3298 614 3352 0
634 3313 702 3351 corr.
722 3295 867 3366 Kiessling
928 3304 961 3353 16
981 3298 1136 3374 <ὀιμιν>Β

120 3376 152 3425 17
172 3370 221 3425 καί
239 3388 293 3426 om.
313 3371 336 3424 B
410 3376 443 3425 22
462 3373 617 3441 προθεῖναι
635 3385 657 3422 ο.
672 3366 816 3437 Kiessling
889 3374 923 3423 24
942 3371 1137 3435 καταστάσεως

121 3442 143 3496 0
164 3458 232 3496 corr.
249 3441 371 3511 Sylburg
