2424 3848
511 218 679 268 -Η-
1036 215 1101 280 187

80 379 189 463 σύνης
221 374 378 463 οὐδεμιᾶς
405 380 466 463 τὴν
495 381 686 444 τελευταίαν
718 381 943 464 πορευόμενος
975 376 1011 442 έκ
1043 387 1101 463 τῆς

79 486 190 562 οίκίοις
212 484 311 564 ὁδόν;
431 479 434 482 ’

151 591 318 656 ΧΧΧΧΙΙ.
353 589 438 657 Ἀλλ’
461 593 492 657 εί
512 590 567 658 καὶ
590 594 710 659 τούτου
730 594 844 658 δεῖσθε
865 592 969 677 ὑμεῖς,
992 586 1019 656 ὦ
1042 617 1101 675 γυ-

78 709 210 783 ναῖκες,
237 696 292 764 καὶ
318 699 449 776 πόντος
475 698 589 766 θέλετε
618 699 868 786 ἀσχημονούσας
895 698 980 783 ἡμᾶς
1004 699 1101 783 ίδεῖν,

79 805 265 890 ὑπολάβετε
283 816 438 890 παρεῖναι
455 807 538 889 πρὸς
560 806 662 872 αὐτὸν
684 802 767 890 κάμέ
789 803 844 870 καὶ
865 805 1100 890 Οὐολουμνίαν
1127 825 1140 870 ι

10 911 230 996 ισοδάγούσας
256 913 309 1006 τὰ,
323 913 453 977 παιδία·
480 916 573 989 τίνας
601 911 664 996 έρῶ
691 922 824 998 πρῶτον
851 911 871 996 ἡ
901 914 1006 998 μητηρ
1036 911 1099 995 ἐγὼ

80 1020 166 1104 πρὸς
197 1017 301 1084 αὐτὸν
333 1022 469 1103 λόγους,
500 1016 556 1083 καὶ
585 1022 660 1084 τίνα
693 1015 807 1104 δέησιν
833 1020 1013 1103 ποιήσομαι
1040 1030 1100 1086 τοῦ

80 1125 176 1204 υίοῦ;
207 1121 317 1208 λέγετε
345 1123 400 1191 καὶ
428 1122 602 1191 διδάσκετέ
622 1148 672 1210 με.
717 1127 899 1211 φείσασθαι
921 1129 1100 1211 παρακαλῶ

80 1242 150 1297 τῶν
177 1228 298 1298 ἑαυτοῦ
327 1235 489 1316 πολιτῶν,
516 1229 573 1317 ὑφ’
602 1225 649 1297 ὧν
673 1234 710 1297 ἐκ
732 1239 790 1316 τῆς
810 1233 969 1316 πατρίδος
991 1229 1099 1315 ἐξελή-

82 1343 179 1404 λαται
200 1335 256 1403 καὶ
279 1334 388 1422 μηδὲν
411 1336 551 1418 όδικῶν;
579 1338 773 1424 οἰκτίρμονα
801 1335 838 1404 δὲ
860 1336 915 1403 καὶ
939 1343 1097 1422 συμπαθῆ
1113 1356 1139 1399 ιο

80 1446 164 1530 πρὸς
192 1447 269 1522 τοὺς
296 1445 495 1530 δημοτικοὺς
520 1442 694 1529 γενέσθαι,
726 1442 803 1530 παρ’
832 1439 879 1509 ὧν
906 1441 975 1511 οὔτ’
1004 1441 1099 1510 ἐλέου

82 1548 239 1636 μετέσχεν
267 1551 342 1617 οὔτε
376 1555 596 1636 συμπαθείαςς
630 1550 859 1636 ἐγκαταλιπεῖν
888 1548 918 1616 δ’
949 1552 1013 1636 ύρα
1044 1548 1100 1616 καὶ

81 1659 268 1743 προδοῦναι
295 1659 373 1733 τοὺς
398 1654 665 1741 ὑποδεξαμένους
693 1656 796 1724 αὐτοῦ
824 1658 885 1742 τὴν
907 1659 1037 1742 φυγήν,
1067 1661 1102 1724 οἳ

82 1764 189 1830 πολλὰ
216 1759 272 1829 καὶ
295 1763 389 1827 δεινὰ
412 1765 616 1840 πεπονθότες
642 1761 699 1829 ὑπ’
726 1763 830 1830 αὐτοῦ
852 1766 1030 1850 πρότερον,
1059 1763 1100 1830 ού

81 1867 251 1954 πολεμίων
278 1880 390 1953 μῖσος,
423 1867 507 1934 ἀλλὰ
534 1872 642 1954 φίλων
670 1867 726 1935 καὶ
759 1881 931 1954 συγγενῶν
962 1871 1099 1936 εὔνοιαν
1114 1886 1139 1929 ιι

83 1978 131 2053 είς
157 1975 260 2041 αὐτὸν
287 1972 517 2053 ἀπεδείξαντο;
550 1977 626 2041 τίνα
654 1977 767 2062 ψυχὴν
794 1979 943 2059 λαβοῦσα
970 1974 1135 2054 &gadum

82 2083 143 2148 τὸν
170 2081 247 2146 υίὸν
274 2081 313 2146 τὰ
341 2076 402 2165 μὲν
425 2078 632 2147 ἀπολέσαντα
659 2087 786 2168 φιλεῖν,
814 2083 854 2147 τὰ
883 2078 920 2147 δὲ
948 2082 1099 2147 σώσαντα

83 2185 228 2267 &acuatu
265 2186 326 2252 οὐκ
359 2183 444 2251 είσλν
476 2181 569 2253 οὗτοι
602 2190 725 2275 μητρὸς
755 2185 974 2273 ὑγιαινούσης
1005 2191 1099 2272 λόγοι

82 2295 165 2380 πρὸς
191 2288 268 2358 υίὸν
292 2289 372 2359 οὐδὲ
400 2295 557 2377 γυναικὸς
584 2294 605 2360 ὑ
628 2296 682 2360 δεῖ
702 2293 915 2381 λογιζομένης
936 2297 1019 2381 πρὸς
1042 2297 1099 2360 ύν-

85 2402 161 2486 δρα·
189 2396 267 2484 μηδ’
294 2398 389 2484 ὑμεῖς
411 2399 577 2486 βιάζεσθε,
601 2413 767 2486 γυναῖκες,
790 2401 811 2467 ὑλ
834 2403 913 2486 μήτε
936 2404 1020 2488 πρὸς
1042 2400 1100 2467 όν·
1113 2417 1140 2459 2⁰

83 2504 242 2592 θρώπους
273 2507 385 2572 δίκαιοί
417 2506 487 2573 έστι
518 2511 598 2592 μήτε
631 2511 714 2595 πρὸς
745 2511 848 2586 θεοὺς
875 2508 966 2592 ὅσια,
998 2504 1095 2574 ταῦθ’

12 2612 169 2696 ισοιὴμῶς
195 2612 362 2678 αἰτεῖσθαι
388 2611 466 2698 παρ’
492 2613 613 2699 αὐτοῦ,
641 2612 711 2680 ἀλλ’
739 2616 838 2700 ἄφετε
866 2614 923 2690 τὰς
946 2612 1099 2695 έλεεινύς,

85 2719 129 2796 ὡς
145 2719 360 2803 πεπτώκαμεν
377 2718 442 2785 ὑπὸ
462 2729 520 2805 της
537 2721 648 2806 τύχης,
666 2727 799 2786 κεῖσθαι
817 2720 972 2797 ταπεινὰς
990 2715 1100 2804 μηδὲν

86 2827 133 2890 ἔτι
154 2821 257 2890 πλέον
281 2823 542 2911 ἀσχημονούσας.

152 2929 338 2996 XXXXIIL
366 2930 588 3016 Παυσαμένης
607 2930 638 2997 δ’
660 2931 761 3016 αὐτῆς
778 2942 936 3009 τοσοῦτος
955 2931 1101 3019 ὀδυρμὸς
1114 2949 1141 2992 ιι

87 3037 123 3104 έκ
149 3048 217 3103 τῶν
246 3048 426 3134 παρουσῶν
457 3049 625 3120 γυναικῶν
658 3036 803 3124 ἐγένετο,
835 3036 890 3105 καὶ
923 3039 1099 3123 τηλικαύτη

161 3272 194 3320 10
213 3263 369 3319 καὶταῦτα
388 3262 497 3335 μηδένα
516 3265 604 3335 μηδὲν
623 3266 730 3321 ἀδικῶν
756 3282 779 3320 ο.
798 3265 914 3334 Balaka,
941 3266 991 3320 καὶ
1014 3274 1104 3321 ταῦτα

87 3335 177 3407 μηδὲν
192 3337 219 3391 ὰ.
235 3352 258 3390 ο.
273 3334 417 3404 Kiessling
435 3335 485 3390 καλ
498 3337 553 3392 del.
568 3337 657 3392 Cobet
675 3337 741 3392 Obs.
755 3355 783 3407 p.
800 3344 851 3392 164
868 3338 935 3407 post
948 3337 999 3392 καὶ
1012 3355 1103 3408 pauca

88 3406 227 3463 excidisse
253 3406 376 3461 Sintenis
399 3408 460 3462 Em.
479 3407 561 3463 Dion.
581 3407 620 3461 111
640 3414 673 3463 10
697 3410 795 3464 censet
901 3415 933 3464 16
957 3406 997 3472 είς
1016 3409 1103 3464 αὑτὸν

88 3478 196 3535 οδδ.Β
269 3484 303 3534 26
323 3486 473 3549 παρουσῶν
492 3478 598 3534 add.B
