2424 3848
496 167 662 218 ..n-

72 330 156 413 ὅσην
178 327 296 412 ἠξίουν
319 331 514 413 σημμαχίαν.
547 325 645 393 ταῦθ’
668 328 813 412 ήβουλή
832 333 988 411 μαθοῦσα
1007 327 1120 412 ἐφη-3

71 439 193 519 φίσατο
216 435 352 519 τρισσὰς
374 432 553 518 ἐκπέμψειν
577 434 741 518 στρατιάς,
763 432 818 498 καὶ
841 432 1031 518 γενομένων
1049 433 1086 499 ἐν

71 542 163 626 τάχει
188 553 257 607 τῶν
279 544 472 624 καταλόγων
495 541 637 616 Λεύκιος
659 538 721 624 μὲν
743 543 899 624 Αίμίλιος
922 538 975 605 ἐπὶ
1003 543 1086 624 Τυρ-

71 650 197 732 ρηνοὺς
215 646 381 732 ἐπέμφθη·
401 648 567 731 συνήρατο
587 643 617 711 δ’
636 647 724 735 αὐτῷ
744 656 801 731 τής
814 646 933 724 ἐξόδου
950 650 1087 711 Καίσων

74 752 213 836 Φάβιος,
235 753 254 819 ὁ
277 752 395 817 νεωστὶ
418 755 479 837 τήν
503 752 607 839 ἀρχὴν
630 751 849 836 ἀποθέμενος,
872 750 1007 836 δεηθεὶς
1028 763 1086 837 τῆς
1111 773 1124 812 5

71 862 197 943 βουλῆς
223 856 394 943 ἐπιτρέψαι
421 859 510 947 αύτῳ
538 870 609 936 τοϊς
636 858 683 923 ἐν’
697 857 850 945 Κρεμέρα
878 858 1086 942 συγγενέσιν,

73 965 133 1041 οὓς
150 964 169 1029 δ
188 963 331 1048 ἀδελφὸς
349 964 454 1030 αὐτοῦ
472 966 727 1049 φρουρήσοντας
744 965 782 1028 τὸ
798 967 921 1050 χωρίον
936 964 1086 1049 ἐξήγαγε,

73 1073 229 1136 συνεῖναί
247 1093 282 1134 τε
304 1068 360 1136 καὶ
382 1082 450 1135 τῶν
473 1070 584 1135 αὐτῶν
607 1069 747 1152 ἀγώνων
769 1067 930 1154 μετέχειν·
958 1069 1013 1135 καὶ
1035 1070 1111 1148 ἐξ·

72 1182 158 1260 ήλθε
178 1179 241 1241 σὺν
255 1187 325 1252 τοῖς
338 1174 419 1261 ἀμφ’
436 1176 539 1242 αὐτὸν
553 1175 686 1263 ἐξουσία
700 1174 881 1259 κοσμηθεὶς
894 1175 1086 1265 ἀνθυπάτῳ.

22 1283 176 1358 {absonos
204 1279 240 1346 δὲ
264 1286 460 1368 Σερουίλιος
483 1277 505 1349 ’ὁ
533 1281 644 1367 ἕτερος
670 1293 737 1346 τών
764 1281 899 1346 ύπάτων
922 1280 975 1347 ε’πὶ
1000 1282 1086 1347 Οὐο·
1100 1264 1158 1380 {93

73 1389 237 1464 λούσκους
260 1386 467 1472 ἐστράτευσε·
492 1388 653 1473 Σερούιος
673 1383 710 1451 δὲ
730 1389 877 1473 Φούριος
894 1388 1087 1464 ἀνθύπατος

73 1493 128 1560 ἐπὶ
159 1497 197 1559 τὸ
227 1496 386 1559 Αἰκανῶν
418 1496 528 1572 ἔθνος.
581 1491 705 1582 ἕκάστῳ
736 1487 766 1558 δ’
794 1493 904 1560 αὐτῶν
934 1495 996 1560 δύο
1026 1491 1087 1578 μὲν

73 1601 220 1686 τάγματα
243 1598 412 1685 Ῥωμαίων
443 1601 568 1684 εἵπετο,
600 1603 756 1665 Λατίνων
784 1597 821 1665 δὲ
848 1598 903 1665 καὶ
925 1597 1087 1686 Ἑρνίκων

73 1705 129 1773 καὶ
156 1718 223 1771 τῶν
250 1708 362 1772 ἀλλων
390 1707 571 1792 συμμάχων
598 1706 660 1771 οὐκ
688 1705 810 1771 ἐλάττω
833 1716 891 1790 τῆς
908 1703 1087 1791 Ῥωμαικῆς

75 1813 258 1897 δυνάμεως.
294 1821 340 1901 τῳ
363 1808 425 1896 μέν
448 1807 511 1877 οὖν
530 1811 712 1902 ἀνθυπάτῳ
731 1816 884 1901 Σερουίῳ
903 1814 984 1877 κατά
1004 1823 1087 1879 νοῦν
1102 1833 1128 1874 ιε

75 1921 94 1986 δ
117 1922 260 2003 πόλεμος
283 1917 427 2003 ἐχώρησε
451 1916 505 1981 καὶ
529 1920 593 1983 σὺν
615 1918 715 2003 τάχει.
761 1928 819 2006 μιᾷ
843 1920 905 2004 γάρ
930 1917 1087 2002 ἐτρέψατο
1130 1959 1133 1965 -

74 2028 155 2102 τοὺς
172 2026 341 2100 Αἰκανοὺς
362 2023 448 2109 μάχή
472 2020 527 2088 καὶ
549 2024 650 2109 ταύτῃ
674 2024 750 2110 δίχα
773 2027 891 2106 πόνου,
912 2032 952 2108 τή
975 2026 1087 2110 πρώτῳ

74 2133 154 2208 τοὺς
175 2133 354 2215 πολεμίους
377 2128 535 2213 ἐκπλήξας
558 2122 685 2217 ἐφόδῳ,
707 2127 821 2198 καὶτὸ
844 2130 962 2193 λοιπὸν
985 2126 1087 2214 ε’δήου

75 2238 136 2321 τήν
158 2246 223 2320 γήν
245 2235 354 2300 αὐτῶν
377 2237 673 2319 καταπεφευγότων
696 2235 743 2310 είς
764 2234 804 2298 τά
828 2231 981 2317 ἐρύματα.
1024 2237 1123 2304 Σε-5

75 2346 214 2430 ρουιλίῳ
241 2337 279 2406 δὲ
305 2340 437 2428 θατέρῳ
464 2353 531 2406 τῶν
560 2340 695 2406 ὑπάτων
719 2340 784 2404 ὑπὸ
807 2340 954 2422 σπουδῆς
975 2361 1010 2403 τε
1033 2337 1129 2404 καίεο

75 2448 258 2525 αὐθαδείας
286 2445 340 2512 ἐπὶ
368 2449 428 2512 τὸν
458 2446 572 2530 ἀγῶνα
601 2449 789 2533 χωρήσαντι
817 2447 903 2511 πολὺ
933 2447 971 2510 τὸ
1000 2446 1088 2530 παρὰ

76 2555 213 2638 γνώμην
245 2552 427 2637 ἀπήντησε,
459 2564 625 2639 καρτερῶς
652 2553 740 2617 πάνυ
768 2563 835 2617 τών
865 2551 1088 2617 Οὐολούσκων

78 2658 352 2744 ἀντιταξαμένων,
377 2655 453 2724 ὥστ’
475 2659 671 2743 ήναγκάσθη
694 2661 839 2735 πολλοὺς
861 2655 916 2722 καὶ
939 2657 1089 2741 ἀγαθοὺς

77 2767 204 2851 ἀνδρας
227 2764 388 2841 ἀπολέσας
410 2763 526 2848 μήκέτι
548 2775 669 2849 χωρεῖν
693 2764 793 2847 ὁμόσε
816 2775 885 2841 τοῖς
906 2765 1089 2847 πολεμίοις,

78 2867 150 2936 ἀλλ’
174 2870 210 2935 ἐν
232 2879 277 2958 τῷ
301 2871 419 2956 χάρακι
440 2868 617 2953 ὑπομένων
636 2870 890 2955 ἀκροβολισμοῖς
908 2867 963 2935 καὶ
980 2868 1088 2947 ύιλών
1102 2889 1129 2930 ετ

147 3139 166 3186 '2
186 3128 329 3203 ἐκπέμψαι
347 3149 370 3186 ο.
390 3132 479 3187 Cobet
498 3132 563 3188 obs.
584 3151 610 3200 p.
628 3139 677 3188 176
735 3137 751 3184 9
771 3131 939 3187 ἀνθνπάτου
959 3148 981 3185 ο.
995 3119 1088 3183 Κὶοεε-

77 3205 147 3273 ling,
167 3203 216 3258 sed
235 3204 269 3257 of.
291 3204 330 3257 XI
349 3210 406 3258 62*
456 3209 486 3256 11
508 3203 683 3273 ῳρούριοςΟ
759 3208 791 3256 14
810 3197 929 3256 ἐλάττων
950 3235 980 3242 -
1002 3199 1090 3254 δύνα-

78 3295 124 3344 μις
142 3291 165 3328 ο.
180 3273 323 3344 Kieusling
376 3281 409 3328 21
428 3275 499 3329 πολὺ
518 3273 550 3327 τδ
566 3275 588 3328 0
607 3273 639 3327 τό
658 3275 708 3326 aut
726 3272 877 3326 delendum
896 3276 945 3327 auh
962 3271 1088 3326 ἱωτοῦτο
1125 3276 1131 3289 “
1171 3296 1175 3305 ·

77 3345 323 3399 transmutandum
352 3361 412 3399 esse
441 3363 463 3400 c.
490 3343 617 3399 Hortlein
645 3343 760 3398 Hermes
780 3345 805 3397 X
823 3349 875 3397 418
904 3344 975 3398 πολύ
998 3362 1042 3397 τοι
1065 3358 1088 3396 ο.

77 3415 203 3470 Schenkl
220 3414 351 3470 Bursiani
369 3415 435 3469 Litt.
454 3414 526 3470 Ann.
545 3414 664 3470 breviar.
683 3432 709 3484 p,
725 3420 759 3468 52
1024 3435 1027 3440 ·
