2424 3848
496 175 664 225 ..Η-

71 337 154 419 πρὸς
183 333 309 412 ἁπάσας
332 335 389 411 τάς
411 335 550 419 ἡδονάς,
579 336 653 401 ὅσαι
677 338 817 425 ἀρχουσι
840 335 943 423 νέων,
972 338 1089 425 ἐγκρα-

71 445 140 526 τής,
163 442 203 506 τά
225 464 260 507 τε
284 444 395 507 δίκαια
419 442 480 508 οὐκ
503 441 566 508 ἀπὸ
590 446 697 527 νόμον
716 449 844 527 μᾶλλον
863 443 1009 529 ἀνάγκης
1031 447 1088 511 διά

70 559 240 635 τιμωριῶν
262 547 337 624 δέος
360 548 515 626 ἀκούσιος
542 547 740 633 ἀποδιδούς,
768 547 840 615 ἀλλ’
867 548 952 617 ἑκών
975 574 1009 617 τε
1032 551 1088 618 καὶ

69 657 228 741 πεφυκὼς
255 657 338 741 πρὸς
361 655 444 720 αὐτά
468 649 521 738 εὖ,
548 654 603 721 καὶ
626 653 698 721 οὐδ’
727 655 764 722 ἐν
787 646 1026 747 άρετῆςμοίρηι
1049 662 1085 726 τὸ

69 759 182 847 μηθδν
205 762 333 827 ἀδικεῖν
355 759 539 846 τιθέμενος,
563 763 604 828 ού
628 764 734 847 μόνον
756 761 783 828 τ’
810 763 909 842 αὐτὸς
931 764 1086 849 ἁγνεύειν
1114 787 1128 829 5

69 869 135 936 ἀπὸ
158 869 266 952 πάσης
288 872 402 945 κακίας
424 871 714 954 προθυμούμενος,
743 868 828 936 ἀλλά
850 869 902 936 καί
927 875 1007 950 τοὺς
1028 875 1086 939 άλ-

69 981 150 1053 λους
168 975 450 1061 προσαναγκάζειν
470 977 621 1041 δικαιῶν·
645 979 865 1063 μεγαλόφρων
885 1001 920 1042 τε
943 977 997 1043 καὶ
1022 981 1121 1050 &co-2

68 1084 248 1169 ρηματικὸς
277 1080 332 1148 καὶ
362 1085 409 1160 είς
438 1081 672 1168 ἐπανόρθωσιν
700 1077 748 1149 ὧν
775 1082 901 1173 ἑκάστῳ
925 1083 996 1150 δέοι
1018 1097 1086 1152 τῶν

68 1193 194 1274 φίλων,
227 1189 325 1254 ὁπότε
354 1192 468 1273 γνοίη,
499 1193 768 1275 προχειρότατος,
800 1191 840 1255 τά
869 1214 903 1256 τε
932 1188 1084 1257 πολιτικά

68 1295 224 1382 πράττειν
248 1294 386 1372 οὐδενὸς
413 1299 533 1382 χείρων
560 1308 627 1361 τῶν
651 1295 945 1384 ἀριστοκρατικῶν·
973 1295 1029 1362 καὶ
1052 1300 1084 1364 εί
1097 1322 1123 1361 ιο

67 1404 112 1487 μὴ
136 1404 173 1468 τὸ
194 1401 368 1479 στασιάζον
385 1411 444 1485 τῆς
461 1404 586 1478 πόλεως
606 1401 760 1487 ἐμποδὼν
779 1403 970 1479 αὐτοῦτοῖς
989 1409 1084 1469 πολι-

67 1510 227 1593 τεύμασιυ
251 1506 391 1592 ἐγένετο,
414 1511 572 1593 μεγίστην
595 1508 638 1574 ἀν
660 1509 680 1593 ἡ
705 1504 872 1594 Ῥωμαίων
895 1512 991 1586 πόλις
1014 1508 1083 1575 ἐπί-

69 1616 165 1682 δοσιν
201 1618 248 1693 είς
279 1616 461 1699 ἡγεμονίαν
493 1614 530 1680 ἐκ
561 1626 629 1680 τῶν
666 1614 795 1683 ἐκείνου
832 1617 1081 1702 πολιτευμάτων

67 1724 195 1807 ἔλαβεν.
241 1719 314 1787 ἀλλ’
341 1722 382 1787 οὐ
410 1722 473 1806 γάρ
504 1721 540 1787 ἐν
568 1723 700 1811 δυνατῷ
728 1719 771 1806 ἦν
799 1725 865 1808 άμα
892 1725 998 1801 πάσας
1023 1726 1082 1802 τάς

68 1827 185 1915 ἀρετάς
218 1827 252 1893 ἐν
287 1827 469 1912 ἀνθρώπου
499 1826 657 1911 γενέσθαι
684 1830 799 1914 φύσει,
830 1827 911 1896 ούδδ
942 1833 1085 1916 φύσεταί
1096 1852 1122 1893 ιι

67 1958 116 2011 τις
144 1933 208 2000 ἀπὸ
231 1940 367 2018 θνητῶν
395 1932 450 1999 καὶ
474 1933 640 2021 ἐπικήρων
668 1936 863 2022 σπερμάτων
885 1935 961 2023 περὶ
984 1937 1079 2004 πάντ’

66 2039 203 2124 ἀγαθός.

20 2161 64 2211 ῶο
131 2146 216 2212 LXI.
248 2144 380 2236 Ἐκείνςο
404 2144 434 2230 γ’
461 2135 523 2214 οὖν
547 2149 666 2224 ταύτας
688 2149 706 2214 δ
731 2151 860 2234 δαίμων
883 2151 941 2226 τάς
963 2149 1080 2235 ἀρετάς
1138 2223 1140 2226 ,

64 2254 284 2340 χαρισάμενος
317 2250 428 2340 ἑτέρας
460 2253 521 2320 οὐκ
553 2254 700 2340 εὐτυχεῖς
726 2255 829 2341 κῆράς
857 2279 891 2322 τε
918 2252 973 2322 καὶ
1001 2258 1080 2334 ἀτας

63 2368 224 2446 προσῆψε.
270 2361 307 2424 τὸ
331 2360 394 2446 γάρ
417 2363 506 2448 πρᾳὺ
529 2358 585 2426 καὶ
607 2362 753 2446 φαιδρὸν
777 2363 838 2427 οὐκ
866 2362 948 2447 ἐπῆν
975 2362 1079 2430 αὐτοῦ
1094 2385 1120 2424 κο

64 2477 134 2545 τοῖς
160 2470 309 2553 τρόποις,
337 2464 416 2533 οὐδὲ
443 2469 480 2532 τὸ
508 2459 750 2548 θεραπευτικὸν
773 2480 841 2534 τῶν
863 2467 964 2546 πέλας
985 2473 1023 2536 ἔν
1046 2469 1073 2535 τ’

64 2572 250 2658 ἀσπασμοῖς
276 2572 331 2639 καὶ
354 2575 673 2660 προσαγορεύσεσιν,
702 2570 782 2640 οὐδὲ
810 2575 851 2658 δὴ
880 2577 917 2641 τὸ
946 2575 1078 2641 εὐδιάλ-

64 2685 186 2746 λακτον
208 2678 263 2745 καὶ
287 2678 520 2766 μετριοπαθές,
551 2680 648 2746 ὁπότε
672 2677 710 2744 δι’
743 2680 845 2766 ὀργῆς
867 2704 912 2769 τῳ
936 2679 1078 2766 γένοιτο,

64 2783 144 2852 οὐδὲ
166 2785 187 2869 η
210 2786 318 2851 πάντα
340 2787 379 2852 τά
403 2785 601 2872 ἀνθρώπινα
624 2783 847 2870 ἐπικοσμοῦσα
870 2787 976 2873 χάρις·
1001 2784 1072 2852 ἀλλ’

63 2890 114 2958 ἀεὶ
141 2894 257 2978 πικρὸς
283 2891 339 2958 καὶ
367 2895 505 2980 χαλεπὸς
532 2888 583 2976 ἦν.
634 2893 738 2958 ταῦτά
768 2917 803 2958 τε
838 2894 882 3064 δὴὶ
908 2893 1011 2959 αὐτὸν
1039 2875 1117 2990 ε’νὲ5

63 3003 199 3075 πολλοῖς
222 3001 356 3083 ἔβλαψε,
378 2996 434 3063 καὶ
456 2998 590 3064 πάντων
609 2999 749 3082 μάλιστα
767 2998 788 3082 η
807 2997 941 3084 περὶτὰ
965 3001 1077 3065 δίκαια

135 3159 170 3209 14
189 3153 259 3208 ἀλλά
277 3151 330 3246 γάρ
350 3149 381 3209 ἐν
394 3153 530 3245 ἀδυνάτῳ
550 3154 686 3210 saidass.
701 3173 727 3210 v
742 3155 876 3225 Μάρκιος
891 3157 896 3226 Ι
912 3155 968 3228 ἀρα
983 3154 1077 3218 πάσας

64 3225 135 3280 Oet
154 3224 298 3280 Suidas
279 3245 338 3296 αμα
361 3225 453 3288 πάσας
474 3210 618 3296 Κὶδεελίας
727 3233 760 3282 15
780 3228 899 3353 φύσεται
924 3229 946 3282 Ο
973 3226 1075 3308 φύεται

64 3295 165 3351 Suidas
238 3303 273 3352 20
291 3301 425 3375 πρᾷονο
445 3295 534 3353 Cobet
552 3296 618 3351 Obs
636 3314 664 3366 p
681 3301 762 3367 1661
787 3294 858 3380 ἐπῆν
878 3297 901 3352 Ο
925 3300 954 3352 et
973 3295 1075 3352 διόδου

64 3361 131 3459 ἔνην
149 3366 295 3439 Kiessling
393 3373 427 3421 22
446 3367 700 3438 προσαγορεύσεσιν
718 3369 744 3422 Α
762 3372 792 3424 ολ
810 3368 910 3424 Suidas
934 3386 1076 3440 προσαγο-

63 3439 155 3509 ρεύσει
173 3438 200 3492 R
271 3445 305 3494 26
322 3443 434 3503 πολλοις
452 3437 582 3510 πολέμοις
600 3437 651 3494 AO
