2424 3848
429 223 664 274 ’-Θ-
1021 224 1086 288 293

74 383 258 467 ἀρξάμενος
281 382 377 468 μέχρι
401 385 527 460 δύσεως
548 384 655 467 ἡλίου.
687 386 727 449 τά
746 383 783 450 δέ
802 395 858 469 τῆς
875 387 975 472 τύχης
993 384 1087 470 μέχρι

74 493 203 554 πολλοῦ
227 491 304 574 τῇδε
327 488 382 554 καὶ
404 492 482 574 τῇδε
506 493 615 567 νίκαις
636 489 744 556 τεκαὶ
763 492 1088 574 ἀτταιςταλαντευό-

74 619 159 680 μενα
185 593 364 679 διέμεινεν·
393 596 523 674 ,ὑπάτου
552 593 589 660 δέ
611 597 758 674 θάνατος
780 596 910 681 ἐγένετο
933 595 989 662 καλ
1010 620 1088 680 πρε-

75 706 219 786 σβευτοῦ
237 699 289 778 δλς
306 703 552 780 ὑπατεύσαντος
571 700 625 767 καλ
643 704 754 768 ἀλλων
767 709 901 769 πολλῶν
914 704 1088 788 ἡγεμόνων

73 805 129 872 καλ
157 806 340 893 ταξιάρχων
367 806 422 872 καλ
450 814 617 893 λοχαγῶν,
646 809 735 874 όσων
761 809 891 875 οὐδέπω
914 812 1086 894 πρότερον.
1114 834 1127 873 5

73 916 111 978 τὸ
142 911 255 998 μέντοι
285 914 404 999 κράτος
430 925 490 979 τοῦ
518 912 647 997 ἀγῶνος
675 913 781 979 έδόκει
806 913 884 1006 περὶ
912 919 990 993 τοὺς
1011 914 1088 980 Ῥω-

73 1023 193 1105 μαίους
207 1019 380 1103 γεγονέναι
393 1018 463 1085 κατ’
477 1021 558 1085 ἀλλο
573 1016 635 1104 μὲν
649 1018 760 1104 οὐδέν,
779 1021 830 1084 ότι
845 1017 882 1085 δὲ
895 1030 933 1106 τη
950 1019 1087 1107 ἐπιούσῃ

72 1123 170 1191 νυκτὶ
189 1129 423 1202 καταλιπόντες
440 1128 499 1191 τὸν
517 1127 644 1211 χάρακα
662 1128 698 1190 οί
718 1125 886 1212 Τυρρηνοὶ
905 1124 1087 1205 ἀνέζευξαν.

73 1241 113 1316 τῇ
137 1227 168 1295 δ’
192 1229 263 1314 ἑξης
285 1230 391 1317 ἡμέρα
413 1233 497 1314 πρὸς
519 1229 667 1316 ἀρπαγάς
689 1234 745 1314 τῆς
768 1231 997 1316 ἐκλειφθείσης
1020 1233 1121 1304 ὑπὸ3

73 1351 142 1404 τῶν
165 1342 347 1422 Τυρρηνῶν
369 1340 580 1421 παρεμβολῆς
598 1338 634 1401 οί
649 1341 795 1421 Ρωμαῖοι
812 1341 1013 1423 τραπόμενοι
1032 1337 1087 1404 καλ
1103 1362 1128 1401 ιο

26 1446 182 1529 ττεταφάς
204 1444 420 1528 ποιησόμενοι
443 1454 510 1508 τῶν
534 1441 701 1528 σφετέρων
721 1455 850 1528 νεκρῶν
868 1443 1022 1527 ἀπῆλθον
1041 1447 1088 1520 είς

73 1555 133 1617 τὸν
165 1549 291 1616 ἑαυτῶν
323 1550 455 1636 χάρακα.
503 1548 572 1613 ἐκεῖ
601 1546 631 1613 δ’
665 1548 840 1633 ἐκκλησίαν
870 1551 1088 1634 ποιησόμενοι

53 1668 143 1734 τοῖς
170 1654 432 1739 ἀγωνισαμένοις
454 1660 609 1740 λαμπρῶς
631 1656 689 1732 τάς
712 1654 898 1740 ἀριστείους
921 1654 1088 1722 ἀπέδοσαν

72 1759 184 1847 τιμάς,
216 1763 335 1850 πρώτῳ
368 1758 429 1845 μέν
459 1765 609 1826 Καίσωνι
641 1765 757 1850 Φαβίῳ
790 1772 835 1850 τῳ
867 1772 928 1828 τοῦ
959 1763 1088 1829 ὑπάτον

73 1870 209 1957 ἀδελφῷ
229 1869 354 1952 μεγάλα
373 1866 428 1932 καλ
445 1863 722 1952 θαυμαστάέργα
736 1867 993 1958 ἀποδειξαμένῳ,
1013 1871 1088 1934 δευ-
1103 1892 1128 1930 15
1160 1895 1162 1900 ·

73 1973 157 2064 τέρῳ
191 1971 228 2038 δὲ
260 1984 304 2062 τῳ
336 1978 479 2062 Σικκίῳ,
511 1983 555 2060 τῷ
588 1973 841 2064 διαπραξαμένῳ
873 1977 933 2040 τὸν
962 1976 1089 2059 χάρακα

73 2081 326 2163 ἀνασώσασθαι,
344 2083 443 2168 τρίτῳ
463 2077 500 2145 δὲ
518 2080 648 2169 Μάρκῳ
668 2083 867 2168 Φλαβοληίῳ
886 2089 932 2166 τῶ
950 2080 1089 2162 ἡγεμόνι

73 2197 135 2253 τοῦ
161 2187 340 2270 τάγματος,
368 2196 428 2251 τοῦ
454 2183 491 2251 δ’
518 2186 620 2271 ὅρκου
648 2187 746 2271 χάριν
774 2183 829 2250 καὶ
856 2193 913 2269 της
937 2185 1026 2269 παρά
1049 2186 1089 2248 τά

74 2294 168 2358 δεινά
199 2293 319 2376 ῥώμης.
366 2291 623 2376 διαπραξάμενοι
652 2287 688 2356 δὲ
717 2300 819 2356 ταῦτα
840 2287 896 2354 καὶ
919 2293 1125 2374 μείναντες4

74 2397 198 2483 ἡμέρας
221 2399 334 2480 ὀλίγας
358 2396 411 2462 ἐπὶ
433 2406 492 2462 τοῦ
516 2397 673 2482 χάρακος,
701 2396 745 2473 ὡς
767 2393 879 2472 οὐδεὶς
901 2392 1090 2480 ἀντεπεξῄει
1104 2420 1130 2458 το

74 2516 142 2570 τῶν
164 2507 333 2587 πολεμίων
356 2506 594 2588 μαχησόμενος,
618 2499 766 2588 ἀπῄεσαν
789 2499 837 2567 ἐπ’
862 2508 965 2567 οίκου.
1008 2501 1091 2565 πάν-

76 2634 143 2674 των
173 2606 209 2674 δέ
236 2621 302 2675 τῶν
330 2610 411 2673 κατά
439 2609 499 2691 την
525 2612 641 2691 πόλιν,
668 2608 713 2684 ὡς
740 2605 793 2671 έπὶ
821 2610 961 2695 μεγίστῳ
986 2605 1090 2689 ἀγῶνι

74 2715 254 2780 κάλλιστον
287 2714 380 2790 τέλος
411 2715 577 2798 εἰληφότι,
613 2716 674 2798 τὴν
706 2712 869 2778 ἐπινίκιον
901 2712 998 2796 τιμὴν
1030 2721 1090 2776 τοῦ

74 2821 245 2905 θριάμβου
268 2830 313 2909 τῳ
337 2824 485 2904 περιόντι
508 2819 622 2908 ύπάτῳ
644 2825 845 2905 προσθεῖναι
863 2816 1090 2903 βουλομένων,

74 2928 240 3011 ἠρνήσατο
265 2929 325 3011 τὴν
348 2928 445 3012 χάριν
468 2925 578 2990 αὐτῶν
598 2926 615 2992 ό
634 2925 770 3009 ὕπατος,
793 2926 869 2990 ούτε
889 2926 984 2990 όσιον
1002 2920 1089 2989 εἶναι
1104 2945 1130 2986 ετ

146 3125 162 3172 2
186 3121 268 3181 νίκας
285 3139 315 3173 τε
334 3118 383 3172 καλ
401 3116 485 3187 ἥττας
505 3117 605 3171 ABac
679 3125 694 3171 5
718 3079 795 3171 οάπω
815 3134 837 3170 ο.
857 3116 1001 3185 Kiessling
1072 3123 1088 3170 9

73 3187 272 3259 έκλειφθήοείς
290 3192 334 3242 Ba
408 3195 440 3243 13
467 3189 597 3255 ἀρίστους
614 3189 661 3242 Ba
734 3194 766 3243 16
790 3189 906 3241 Σικιλίω
925 3186 971 3239 Bb
996 3189 1001 3254 1
1027 3189 1090 3240 δια-

73 3260 245 3333 φραοαμένῳ
262 3259 369 3328 AGmg
387 3258 606 3352 διαπραξαμένῳ
625 3260 647 3312 Β
667 3256 862 3350 διατμξαμένῳ
881 3241 901 3312 (λ
953 3263 998 3380 BH
1018 3258 1090 3380 ἀνῳχ

72 3332 532 3544 ἀξέχξξθὸιχξλχμάηξαόεδολδάδολληὲ
546 3331 673 3471 {mea
681 3331 1039 3468 Ιδάἀολάδάἒάἀλάἀοάολοςοε
1054 3405 1089 3453 28

72 3484 97 3546 ο
183 3494 210 3544 p·
591 3495 592 3498 κ
