2424 3848
117 153 183 219 356
540 153 708 206 -Θ-

118 315 153 383 ἐκ
182 324 315 401 μικρᾶς,
345 313 506 398 ἐπιφανής
536 309 566 378 δ’
594 311 627 391 ἐξ
657 311 779 391 ἀδόξου
807 311 945 397 γέγονεν
973 313 994 396 ή
1021 318 1136 395 πόλις;

117 418 172 487 καὶ
195 419 391 494 στασιαστὰς
413 414 546 503 ἑτέρους
568 416 745 495 ἀποκαλεῖς
766 415 822 482 καὶ
845 418 1036 502 φυγαδικήν
1059 439 1137 488 τινα

117 528 221 612 τύχην
244 527 430 608 ὀνειδίζεις,
460 524 568 611 ὥσπερ
592 523 653 611 οὐχ
677 522 832 589 ἁπάντων
856 527 903 590 έτι
926 526 1055 591 τούτων
1079 549 1137 610 με-

117 630 295 718 μνημένων
318 634 355 698 τὸ
379 624 457 696 καθ’
478 629 574 715 ὑμᾶς,
596 631 648 696 ότι
671 630 908 708 στασιάσαντες
929 631 964 697 οἱ
981 629 1035 697 σοὶ
1054 635 1137 719 πρό-

92 761 215 822 τμονοι
245 740 328 824 πρὸς
360 740 438 814 τοὺς
469 735 507 801 έν
537 734 624 802 τέλει
656 733 712 802 καὶ
741 738 803 821 τήν
833 735 960 802 ἑαυτῶν
990 741 1137 825 πατρίδα

117 847 350 920 καταλιπόντες
388 837 505 907 ἐνθάδ’
541 840 730 926 ἱδρύθησαν
769 839 889 922 ἱκέταις
931 844 963 908 εί
993 845 1037 928 μή
1071 846 1138 932 άρα

118 950 213 1035 ὑμεῖς
239 946 300 1035 μὲν
328 947 517 1024 ἐκλιπόντες
543 948 605 1031 τήν
632 945 760 1014 ἑαυτῶν
785 948 929 1034 πατρίδα
955 951 1053 1040 πόθφ
1078 960 1139 1036 τῆς

119 1054 310 1143 ἐλευθερίας
347 1055 450 1120 καλὸν
482 1055 582 1139 ἔργον
614 1053 804 1140 ἐπράττετε,
838 1052 993 1139 Ῥωμαῖοι
1026 1053 1064 1121 δέ
1096 1059 1138 1123 τά

85 1163 219 1248 2ὑμοια
246 1162 326 1248 ὑμῖν
351 1162 546 1247 δεδρακότες
569 1159 609 1224 ού
632 1163 743 1227 καλόν.
789 1166 912 1249 τολμᾷς
935 1158 973 1226 δέ
995 1160 1051 1227 καὶ
1073 1164 1138 1248 τήν

79 1293 105 1334 ιο
118 1279 185 1334 τῶν
214 1270 393 1355 δημάρχων
422 1266 575 1345 ἐξουσίαν
602 1267 648 1344 ὡς
671 1265 723 1332 ἐπὶ
746 1276 836 1355 κακῷ
859 1273 1138 1354 παρεληλυθυῖαν

119 1376 167 1451 είς
188 1376 250 1458 τήν
272 1376 371 1440 πόλιν
395 1374 575 1459 λοιδορεῖν,
598 1371 653 1438 καὶ
676 1377 805 1451 πείθεις
822 1371 978 1440 τουτουσὶ
995 1380 1138 1443 καταλύ-

120 1497 175 1546 σαι
202 1482 263 1564 τήν
290 1490 357 1546 τῶν
386 1481 539 1562 πενήτων
567 1477 761 1566 ἐπικουρίαν
783 1481 845 1566 τήν
869 1480 963 1566 ίερδυ
986 1478 1043 1546 καὶ
1065 1480 1139 1548 ἀκί-

119 1610 223 1671 νητον
245 1584 300 1652 καὶ
323 1587 482 1670 μεγάλαις
505 1583 756 1670 ἠσφαλισμένην
780 1585 816 1652 έκ
839 1592 932 1652 θεῶν
949 1610 984 1651 τε
1003 1589 1060 1652 καί
1078 1587 1139 1655 άν-

119 1693 267 1778 θρόιπωυ
285 1691 455 1776 ἀνάγκαις,
479 1686 505 1755 ὦ
524 1693 764 1777 μισοδημότατε
783 1690 839 1758 καὶ
856 1695 1138 1779 τυραννικώτατε;

80 1822 106 1862 15
119 1796 174 1864 καὶ
197 1794 278 1863 ούδέ
300 1795 387 1862 τοῦτ’
411 1799 476 1883 άρα
498 1797 668 1882 ἐδυνήθης
689 1806 823 1884 μαθεῖν,
846 1798 897 1864 ὅτι
919 1809 958 1885 τή
977 1823 1011 1865 τε
1031 1805 1204 1889 βουλήλῖῖι

120 1902 175 1970 καὶ
201 1912 240 1989 τή
269 1911 410 1969 σεαυτοῦ
437 1903 521 1990 ἀρχή
549 1913 651 1971 ταῦτα
678 1903 785 1990 λέγων
808 1908 961 1992 λοιδορής
993 1904 1050 1972 καὶ
1073 1910 1137 1996 γάρ

119 2010 140 2095 ή
173 2011 278 2096 βουλή
310 2010 513 2076 διαναστᾶσα
540 2014 623 2097 πρὸς
651 2014 729 2089 τοὺς
755 2016 918 2097 βασιλεῖς,
950 2007 998 2078 ὧν
1027 2012 1138 2081 οὐκέτι

119 2119 178 2195 τδις
205 2117 433 2203 ὑπερηφανίας
459 2116 515 2183 καὶ
537 2118 595 2195 τδις
618 2118 731 2203 ὕβρεις
754 2117 935 2205 ὑποφέρειν
959 2118 1072 2207 ἠξίου,
1100 2124 1137 2188 τὸ

120 2233 193 2290 τῶν
214 2223 349 2290 ὑπάτων
377 2223 510 2309 ἀρχεῖον
538 2227 774 2309 κατεστήσατο,
801 2222 857 2290 καὶ
884 2222 965 2311 πρὶν
987 2224 1138 2305 ἐκείνους

81 2354 108 2394 zo
122 2329 270 2408 ἐξελάσαι
302 2337 360 2414 τής
390 2333 516 2408 πόλεως
548 2328 680 2415 ἑτέρους
715 2329 848 2416 ἐποίησε
877 2339 935 2415 τής
963 2336 1137 2419 βασιλικῆς

85 2435 271 2515 3έξουσίας
292 2439 437 2522 κυρίους.
479 2433 563 2501 ὥσθ’
591 2435 710 2523 δπερὶ
732 2444 791 2520 τής
814 2438 997 2523 δημαρχίας
1020 2437 1136 2523 λέγεις,

121 2544 165 2621 ὡς
194 2540 248 2608 ἐπὶ
275 2552 365 2630 κακῷ
392 2546 677 2629 παρεληλυθυίας,
709 2542 821 2626 ἐπειδή
849 2546 911 2628 τήν
937 2543 1044 2630 ἀρχήν
1073 2545 1136 2613 άπὸ

121 2652 330 2733 διχοστασίας
348 2643 457 2734 ἐλαβε,
479 2658 581 2716 ταῦτα
599 2647 654 2714 καὶ
672 2650 753 2715 κατά
771 2659 829 2734 της
846 2650 1002 2728 ὑπατείας
1021 2649 1135 2735 λέγεις.

121 2752 202 2822 οὐδὲ
225 2757 287 2842 γάρ
312 2754 443 2840 ἐκείνην
466 2757 548 2840 άλλη
571 2780 622 2833 τις
645 2756 797 2839 είσήναηε
819 2759 996 2843 πρόφασις,
1019 2756 1134 2843 άλλ’ή

81 2846 204 2961 2Ῐ45πρὸς
235 2864 313 2939 τοὺς
344 2867 490 2947 βασιλεῖς
521 2873 588 2927 τῶν
617 2864 799 2947 πατρικίων
826 2862 947 2940 στάσις.
993 2862 1079 2930 ἀλλὰ
1105 2867 1139 2930 τί

121 2968 224 3035 ταῦτά
251 2984 304 3033 σοι
328 2964 537 3052 διαλέγομαι,
565 2968 609 3045 ὡς
632 2977 762 3056 χρηστῷ
784 2966 840 3034 καί
862 2972 983 3057 μετρίφ
1007 2974 1135 3058 πολίτη,

122 3075 162 3140 δυ
189 3076 332 3151 άπαντες
362 3079 472 3140 ἴσασιν
500 3069 593 3140 οὗτοι
623 3075 739 3140 σκαιὸν
767 3077 848 3141 όυτα
875 3075 931 3139 διά
958 3073 1057 3158 γένος
1083 3075 1136 3142 καὶ

192 3272 209 3321 2
232 3286 289 3321 τινι
313 3283 335 3321 ο.
355 3237 499 3335 Kies'sling
521 3265 686 3321 dubitanter
767 3273 784 3321 4
806 3265 951 3322 τῶνκαθ’
972 3266 1047 3337 ἡμᾶς
1065 3268 1112 3322 Bb
1131 3266 1135 3338 1

123 3338 156 3392 οί
169 3337 213 3391 σοὶ
230 3337 277 3391 Ba
346 3345 362 3393 6
382 3335 456 3393 ἔνθα
476 3335 636 3409 ἱδρύθησαν
655 3338 679 3390 A
749 3344 764 3392 ’ί
783 3338 835 3408 μὲν
854 3355 908 3393 om.
926 3338 953 3391 A
1023 3344 1056 3393 17
1076 3341 1137 3394 δια-

122 3415 248 3462 ναστᾶσα
262 3416 340 3463 πᾶσα
353 3409 424 3480 πρὸς
438 3408 460 3463 O
475 3411 589 3480 praeter
602 3410 625 3463 Β
644 3410 782 3463 διαστᾶσα
796 3409 816 3465 C
862 3415 896 3464 27
915 3409 965 3464 διδι
978 3407 1080 3480 μένους
1093 3411 1137 3465 Ba

71 3524 163 3616 ἱ.
