2424 3848
115 182 272 250 214'
537 190 705 238 -Η-

115 354 222 436 φόνον
241 348 390 415 ἐπόθουν
410 353 524 433 λαβεῖν
543 349 587 426 ὡς
603 348 731 434 ἀνόμου
747 351 847 435 ἔργου
861 347 916 414 καὶ
929 349 1129 436 ἀσυμφόρου

114 468 186 534 ταῖς
212 460 350 522 πόλεσιν
377 455 553 542 ἀρξαντας,
585 457 665 522 ἀνευ
694 458 787 540 δίκης
819 456 856 522 έν
884 467 1004 543 χειρῶν
1037 461 1130 546 νόμφ

81 564 191 629 2τινά
209 563 400 629 ἀποκτεῖναι
418 561 473 627 καὶ
492 559 588 629 ταῦθ’
607 563 762 647 ἡγεμόνα.
799 563 940 647 μάλιστα
959 561 991 628 δ’
1007 563 1133 648 ἠγανά-

115 694 218 737 κτουν
251 671 286 736 οί
314 681 386 746 ταῖς
417 673 601 755 στρατείαις
631 670 735 736 αὐτοῦ
764 673 1044 754 παραγενόμενοι,
1076 668 1133 736 καὶ

90 776 229 863 εέπειόη
259 781 354 856 ζῶντι
383 778 471 864 αὐτῷ
501 777 561 862 οὐχ
584 775 700 857 ίκανοὶ
730 775 884 861 ἐγένοντο
908 774 1052 843 κωλυταὶ
1075 787 1134 862 της

118 894 304 970 συμφορᾶς,
327 885 384 960 τάς
401 886 481 969 μετά
500 886 558 949 τὸν
576 885 727 950 θάνατον
746 882 963 970 ὀφειλομένας
981 886 1135 967 ἔγνωσαν

116 990 315 1056 ἀποδιδόναι
333 990 479 1076 χάριτας,
498 986 723 1076 συμφέροντες
741 993 788 1068 είς
806 992 867 1075 την
884 989 1021 1077 ἀγοράν,
1040 990 1206 1062 όσων1648

118 1099 186 1162 ἔδει
210 1096 282 1174 Ιτοῖς
311 1097 452 1181 ἀγαθοῖς
476 1089 639 1184 ἀνδράσιν
662 1100 710 1175 είς
731 1100 793 1183 την
815 1097 1000 1182 ἀναγκαίαν
1022 1100 1135 1182 τιμήν.

83 1203 231 1288 θέπειθη
255 1201 293 1269 δέ
315 1201 412 1270 πάντ’
441 1201 644 1290 εὐτρέπιστο,
667 1203 784 1282 θέντες
808 1203 861 1270 ἐπὶ
885 1195 1058 1291 στραμνης
1072 1203 1136 1270 ’έκ-

77 1330 102 1370 1ο
115 1312 326 1400 πρεπεστάτφ
367 1310 554 1396 ἠσκημένης
592 1315 705 1401 κόσμφ
746 1313 807 1396 την
850 1312 1135 1398 αὐτοκρατορικὴν

117 1422 235 1505 ἔχοντα
265 1417 405 1502 ἐσθῆτα,
437 1416 492 1483 καί
518 1420 583 1503 πρὸ
612 1428 669 1502 τῆς
695 1422 810 1503 κλίνης
837 1419 941 1485 αὐτοῦ
968 1417 1136 1505 φέρεσθαι

115 1527 330 1600 κελεύσαντες
357 1524 490 1610 λάφυρά
517 1548 551 1589 τε
579 1522 633 1589 καλ
666 1530 770 1591 σκῦλα
792 1523 848 1590 καὶ
872 1525 1056 1609 στεφάνους
1079 1524 1136 1591 καὶ

117 1633 247 1717 μνήμας
269 1626 317 1696 ὧν
344 1621 411 1695 εἷλε
438 1634 585 1715 πόλεων,
614 1633 738 1717 ἤραντο
765 1633 827 1715 την
855 1635 973 1716 κλίνην
996 1632 1033 1698 οί
1052 1637 1136 1717 λαμ-

116 1735 274 1822 πρότατοι
296 1748 363 1802 τῶν
382 1735 470 1802 νέων
490 1737 526 1803 έν
544 1749 614 1815 τοῖς
635 1739 717 1804 κατὰ
740 1737 907 1823 πολέμους
930 1741 1053 1824 ἔργοις·
1078 1737 1135 1805 καὶ

78 1861 103 1901 15
91 1845 311 1928 οκομίσαντες
333 1846 427 1920 είς
398 1868 435 1910 το
458 1845 668 1931 προάστειον,
691 1845 709 1910 ὃ
733 1846 874 1950 μάλιστα
897 1840 940 1930 ην
964 1843 1135 1930 ἐπιφανές,

117 1953 240 2016 ἔθεσαν
268 1949 321 2016 έπί
350 1953 409 2034 την
432 1947 743 2037 παρεσκευασμένην
765 1954 891 2082 πυράν,
920 1969 1136 2038 συμπροπεμ-

116 2053 244 2142 πούσης
259 2055 303 2123 τὸ
329 2068 422 2142 σῶμα
445 2082 502 2142 της
524 2062 650 2135 πόλεως
670 2059 749 2143 ὅλης
767 2057 836 2142 μετ’
858 2061 1004 2143 οίμαγης
1021 2083 1056 2124 τε
1078 2058 1135 2125 καὶ

81 2165 283 2245 4θακρόων
334 2166 444 2230 ἔπειτα
472 2163 795 2251 κατασφάξαντές’
767 2189 786 2230 τ
827 2165 916 2253 αὐτῷ
943 2167 1052 2231 πολλὰ
1079 2170 1136 2251 βο-

120 2268 268 2354 σκηματα
294 2270 350 2336 καὶ
379 2282 446 2337 τῶν
474 2274 585 2338 ἀλλων
613 2271 836 2358 ἀπαρξάμενοι
864 2272 1013 2357 πάντων,
1043 2271 1136 2339 ὅσων

21 2446 23 2449 ,
79 2395 105 2434 20
119 2380 295 2463 άνθρωποι
317 2382 511 2462 βασιλεῦσιν
533 2378 554 2463 ἢ
579 2388 730 2465 στρατιᾶς
754 2379 914 2464 ἡγεμόσιν
937 2377 991 2444 ἐπὶ
1013 2391 1136 2465 πυραῖς

119 2483 334 2569 ἀπάρχονται,
357 2483 561 2570 παρέμειναν
580 2486 616 2552 οί
630 2485 772 2571 μάλιστα
789 2488 849 2552 τὸν
868 2487 974 2572 ἀνδρα
993 2485 1136 2565 ἀσπαζό-

63 2664 65 2668 ,
119 2614 215 2675 μενοι
238 2589 333 2677 μέχρι
356 2601 416 2658 τοῦ
440 2598 653 2677 μαρανθῆναι
673 2592 734 2675 την
752 2595 872 2676 φλόγα,
894 2593 1032 2658 κάπειτα
1055 2610 1137 2660 συν-

120 2701 300 2787 αγαγόντες
331 2698 372 2762 τά
404 2702 545 2777 λείψανα
577 2701 710 2778 ἔθαψαν
744 2697 781 2764 έν
817 2708 862 2785 τῷ
898 2697 987 2786 αὐτῷ
1022 2705 1135 2790 χωρίῳ

120 2806 244 2890 χώματι
267 2805 385 2892 υψηλςῦ
409 2805 466 2869 ὃιά
488 2807 699 2891 πολυχειρίας
717 2803 914 2890 ἐργασθέντι
933 2815 1047 2891 μνημα
1066 2805 1137 2939 ἐπί-

81 2927 106 2967 25
121 2928 228 2996 σημον
252 2909 480 2997 έργασάμενοι.

187 3018 257 3083 LX.·
278 3016 432 3149 Μάρκιος
451 3014 511 3101 μέν
531 3018 572 3101 δη
590 3019 744 3102 τοιαύτης
761 3027 990 3106 καταστροφης
1008 3021 1204 3106 ἔτυχεν,1649

121 3125 205 3211 ἀνὴρ
237 3121 293 3189 καί
324 3125 364 3189 τά
392 3123 532 3209 πολέμια
560 3127 693 3210 ἀριστος
720 3135 787 3191 τῶν
814 3122 891 3191 καθ’
918 3125 1052 3245 ἡλικίαν
1081 3126 1138 3193 καὶ

193 3317 386 3376 1ἀνοσίουο
406 3315 549 3386 Kiessling
647 3312 906 3388 θέκπρεπεστάτης
924 3317 1004 3374 ABG
1103 3327 1137 3376 18

121 3387 222 3513 affl
228 3387 292 3443 add
311 3388 335 3441 Β
425 3393 460 3443 24
478 3387 528 3443 ὃιά
545 3390 727 3458 πολυχειρίαν
747 3388 769 3443 Ο
788 3388 944 3458 praeterA
1033 3397 1069 3446 2⁷
1088 3392 1139 3447 καὶ

122 3474 139 3510 a

153 3584 213 3600 ‘-
