2424 3848
123 172 190 236 312
546 171 716 224 -θ-

124 351 201 400 σαν·
233 336 271 398 τὸ
301 329 339 398 δὲ
368 336 493 417 χωρίον
522 333 646 418 ἔρημον
676 332 713 397 οἱ
743 330 911 418 Τυρρηνοὶ
938 329 1140 417 παρέλαβον.

124 436 198 523 ἐμοὶ
224 433 286 523 μὲν
313 439 356 522 δὴ
380 438 398 504 ὁ
421 440 521 521 λόγος
542 433 640 514 οὗτος
660 441 853 523 πιστότερος
875 436 1030 522 ἐφαίνετο
1052 440 1140 505 πολὺ

124 553 185 611 τοῦ
206 541 384 630 προτέρου·
407 541 566 629 φέρονται
588 540 620 609 δ’
642 542 680 610 έν
702 555 847 630 γραφαις
863 541 1033 629 Ῥωμαίων
1050 544 1139 624 άξιο-

124 649 234 736 χρέοις
256 648 446 736 ἀμφότεροι.

96 779 110 819 σ
191 755 293 821 XXIL
321 759 367 822 Ίῖι
386 753 424 821 δέ
443 758 695 840 συναπτόμενον
712 758 843 834 τούτοις
861 758 927 823 ὑπό
943 781 1047 823 τινων
1064 755 1134 823 οὔτ’

125 858 249 947 ἀληθὲς
276 863 317 928 δν
340 864 417 929 οὕτε
439 866 604 946 πιθανόν,
631 860 668 928 έκ
689 865 965 949 παρακούσματος
988 862 1029 929 δέ
1048 887 1141 941 τινος

124 967 356 1053 πεπλασμένον
383 968 447 1035 ὑπὸ
476 978 537 1036 τοῦ
558 971 728 1053 πλήθους,
754 968 849 1048 ἄξιον
871 972 917 1054 μὴ
939 975 1141 1055 παραλιπεῖν

125 1073 351 1153 ἀνεξέταστον.
392 1074 527 1159 λέγουσι
549 1076 613 1160 γὰρ
636 1077 680 1158 δή
701 1099 801 1160 τινες,
823 1087 891 1141 τῶν
913 1076 947 1154 ἓξ
970 1074 1027 1142 καὶ
1049 1100 1141 1159 τρια·

124 1185 248 1248 κοσίων
268 1184 407 1265 Φαβίων
430 1178 647 1264 ἀπολομένων
669 1180 720 1246 ὅτι
738 1181 776 1246 ἓν
794 1184 901 1265 μόνον
920 1181 1061 1266 ἐλείφθη
1080 1191 1141 1247 τοῦ

88 1310 112 1348 ιο
126 1287 246 1372 γένους
267 1288 415 1370 παιδίον,
436 1295 571 1372 πρᾶγμα
594 1286 636 1352 οὐ
654 1290 760 1371 μόνον
778 1286 960 1370 ἀπίθανον,
983 1287 1068 1353 άλλδ
1086 1285 1142 1353 καὶ

86 1399 107 1462 2
126 1394 293 1460 ἀδύνατον
316 1393 514 1476 εἰσάγοντες.
560 1393 636 1458 οὔτε
658 1394 723 1479 γὰρ
747 1391 904 1471 ἀτέκνους
926 1417 961 1458 τε
983 1392 1040 1459 καὶ
1062 1393 1142 1478 ἀγά-

126 1524 209 1585 μους
235 1501 382 1577 ἅπαντας
408 1494 495 1565 εἶναι
523 1499 669 1565 δυνατὸν
694 1494 738 1583 ην
765 1502 844 1576 τοὺς
870 1498 1069 1578 ἐξελθόντας
1093 1503 1207 1578 είςιεον

126 1609 163 1673 τδ
194 1607 359 1692 φρούριον
389 1608 547 1690 Φαβίους.
599 1605 617 1671 ὁ
644 1606 708 1690 γάρ
737 1604 873 1691 ἀρχαῖος
900 1605 1011 1671 αὐτῶν
1038 1609 1142 1691 νόμος

127 1721 244 1796 γαμεῖν
267 1708 295 1775 τ’
316 1710 477 1795 ἠνάγκαζε
501 1713 580 1789 τοὺς
602 1709 639 1777 έν
660 1710 785 1798 ἡλικίη,
807 1708 863 1775 καὶ
885 1713 925 1776 τά
947 1714 1141 1797 γεννώμενα

88 1836 112 1877 15
125 1817 233 1883 πάντα
256 1815 436 1900 ἐπάναγκες
458 1814 606 1902 τρέφειν·
630 1816 670 1882 ὃν
689 1816 752 1882 ούκ
768 1815 811 1883 ἂν
829 1818 939 1901 δήπου
956 1815 1141 1885 κατέλυσαν

127 1924 163 1991 οί
184 1923 307 2008 Φάβιοι
336 1927 434 2007 μόνοι
460 1921 716 2008 πεφυλαγμένον
739 1925 815 2008 ἄχρι
837 1932 897 2007 τῆς
919 1920 1048 1989 ἑαυτῶν
1070 1924 1141 2008 ἡλι-

92 2033 199 2108 3κίας
220 2029 286 2096 ὑπὸ
308 2040 375 2095 τῶν
398 2027 558 2115 πατέρων.
601 2031 633 2095 εί
655 2026 693 2095 δὲ
715 2031 757 2113 δὴ
776 2026 836 2094 καὶ
859 2038 957 2095 τοῦτο
979 2033 1058 2115 θείη
1082 2054 1142 2115 τις,

128 2133 199 2203 ἀλλ’
222 2134 330 2202 έκεϊνό
352 2132 384 2220 γ’
407 2135 469 2201 οὐκ
492 2134 534 2201 διν
557 2138 606 2200 ἔτι
629 2137 865 2221 συγχωρήσειε,
887 2137 924 2201 τὸ
947 2134 1025 2220 μηδ’
1047 2137 1142 2203 ἀδελ-

127 2245 213 2328 φοὺς
240 2241 351 2308 αὐτῶν
379 2237 469 2308 είναί
492 2257 580 2308 τισιν
607 2242 739 2324 ἡλικίαν
767 2243 815 2306 ἔτι
842 2242 973 2307 παίδων
996 2244 1142 2328 ἔχοντας.

88 2368 115 2409 ιο
128 2349 251 2433 μύθοις
272 2349 336 2435 γὰρ
360 2349 402 2432 δὴ
425 2348 528 2414 ταῦτά
548 2371 586 2431 γε
609 2346 665 2413 καὶ
687 2348 876 2432 πλάσμασιν
899 2350 986 2414 έοικε
1007 2354 1143 2436 θεατρι-

128 2464 207 2532 κοῖς.
253 2454 288 2521 οί
316 2450 353 2519 δέ
382 2452 519 2540 πατέρες
549 2455 676 2538 αὐτῶν,
705 2454 779 2520 ὅσοι
806 2456 928 2532 παῖδας
957 2455 1005 2519 ἔτι
1032 2467 1143 2520 ποιεῖν

128 2555 219 2646 εἶχον
241 2559 384 2643 ἡλικίαν,
407 2561 569 2645 τοσαύτης
590 2560 816 2644 κατασχούσης
834 2562 872 2627 τὸ
891 2557 988 2643 γένος
1006 2559 1144 2647 ἐρημίας

129 2666 190 2732 οὐκ
217 2664 259 2731 δν
287 2663 417 2742 ἑκόντες
439 2688 473 2731 τε
497 2663 552 2730 καὶ
575 2666 711 2742 άκοντες
732 2663 865 2753 ἑτέρους
886 2668 1008 2743 παῖδας
1031 2667 1143 2751 ἐποιή-

129 2788 243 2855 σαντο,
266 2771 322 2837 ’ίνα
345 2774 425 2856 μήτε
449 2772 521 2858 ίερδι
545 2771 704 2857 ἐκλειφθῇ
726 2781 861 2860 πατρῷα
884 2775 964 2856 μήτε
988 2773 1070 2851 δόξα
1088 2796 1144 2856 τη-

89 2861 265 2974 ἒηλικαύτη
298 2878 469 2962 διαφθαρῇ
501 2876 635 2961 γίνους;
673 2878 705 2941 εί
732 2877 777 2960 μὴ
807 2878 871 2964 άρα
899 2874 979 2943 οὐδὲ
1006 2878 1144 2965 πατέρες

129 2984 239 3050 αὐτῶν
256 2998 345 3049 τισιν
363 2982 544 3066 ἐλείποντο,
565 2981 649 3049 άλλά
666 2983 774 3048 πάντα
792 2984 840 3060 είς
857 2983 956 3050 ταύτὸ
971 2991 1144 3069 συνῆλθεν

201 3217 217 3266 5
235 3212 266 3266 τὸ
286 3227 339 3265 om.
358 3211 405 3264 Βα
460 3217 475 3264 ’ί
495 3211 552 3264 όπδ
572 3208 594 3264 Ο
614 3225 683 3264 corr.
704 3208 806 3264 Reisko
823 3213 828 3276 l
844 3210 970 3280 ἀληθοῦς
989 3209 1011 3265 Ο
1031 3214 1145 3281 praeter

129 3281 151 3334 B
221 3287 253 3337 12
272 3282 337 3345 τοὺς
355 3298 409 3337 om.
427 3281 453 3334 A
521 3286 555 3334 14
573 3279 819 3353 γε<ννό>μεναΒ
888 3286 921 3335 15
941 3275 1146 3356 έπάναγκ<ε>ς
1187 3335 1188 3338 ,

128 3351 175 3485 ἕδη
191 3350 510 3476 ΒὴΙθὸτιΒαέτιΒ
582 3358 616 3406 23
636 3346 834 3425 <έκ>όντ<ε>ς
851 3370 882 3420 γε
900 3351 948 3407 Bb
971 3355 976 3424 Ι
999 3352 1144 3408 ἄτιον...

67 3498 136 3608 ἱ
