2378 3840
106 203 150 269 22
530 206 693 255 -z—

107 362 174 452 εἶχε
192 369 270 442 τοὺς
287 367 490 452 πατρικίους,
508 368 630 431 πολλοί
645 361 752 430 τεκαὶ
770 361 906 450 χαλεποὶ
918 361 989 429 κατ’
1009 364 1121 431 αὐτῶν

106 472 258 557 έγίνοντο
287 474 381 554 λόγοι
406 482 475 536 τῶν
501 467 562 556 μὲν
595 470 775 557 ὀλιγωρίαν
808 469 1037 553 ἐγκαλούντων
1064 471 1122 537 καὶ

106 581 288 668 ρᾳθυμίαν,
311 578 361 643 ὅτι
382 577 444 644 ούκ
462 577 498 643 ἐκ
516 582 643 643 πολλοῦ
661 578 856 664 προείδοντο
876 579 937 662 τήν
956 576 1121 663 ἐσομένην

105 694 166 752 τοῦ
194 688 288 751 σίτου
317 685 438 751 σπάνιν
465 681 520 749 καὶ
549 683 868 772 προύμηχανήσαντο
891 685 931 749 τά
954 687 1037 771 πρὸς
1059 687 1121 770 τήν

79 794 283 880 ισυμφοράν
306 791 502 876 ἀλεξήματα,
524 802 591 857 τῶν
615 788 646 855 δ’
673 790 705 869 ἐξ
730 789 907 876 ἐπιβουλῆς
927 786 984 855 ὑπ’
1010 792 1120 858 αὐτῶν

104 895 280 982 γεγονέναι
303 899 407 984 <τήν>
428 900 595 964 σιτοδείαν
614 896 870 982 ἀποφαινόντων
895 894 939 962 δι’
961 897 1066 985 ὀργήν
1084 922 1119 964 τε

104 1001 161 1069 καὶ
188 1003 371 1089 ἐπιθυμίαν
398 1014 458 1071 τοῦ
484 1016 631 1070 κακῶσαι
657 1006 694 1070 τὸ
725 1006 905 1089 δημοτικὸν
936 1004 1118 1089 ἀναμνήσει

69 1115 164 1195 4τής
186 1110 403 1189 ἀποστάσεως.
441 1113 498 1177 διά
520 1113 640 1190 ταύτας
662 1108 723 1196 μὲν
747 1113 788 1196 δή
812 1112 870 1189 τάς
888 1112 1031 1196 αίτίαςή
1052 1123 1119 1178 τῶν

106 1219 301 1306 κληρούχων
321 1217 487 1303 ἀποστολὴ
506 1230 618 1305 ταχεῖα
637 1218 763 1304 ἐγίνετο
781 1229 885 1306 τριῶν
903 1216 1119 1304 ἀποδειχθέν-

66 1347 92 1386 10
106 1347 173 1390 των
200 1324 335 1409 ἀνδρῶν
365 1326 510 1409 ὑπὸτῆς
532 1329 657 1411 βουλῆς
677 1325 858 1411 ἡγεμόνων.
895 1333 941 1413 τῳ
965 1327 1058 1415 δήμῳ
1081 1323 1119 1391 δὲ

103 1429 172 1496 κατ’
196 1431 298 1518 ἀρχάς
321 1427 383 1517 μὲν
405 1427 448 1516 ήν
467 1429 599 1520 ἀσμένῳ
618 1435 696 1509 τοὺς
717 1434 925 1520 κληρούχους
943 1433 1119 1519 διαλαγχά-

102 1560 175 1603 νειν
203 1537 248 1614 ὡς
276 1543 375 1621 λιμοῦ
397 1533 425 1601 τ’
454 1534 782 1626 ἀπαλλαχθησομένῳ
811 1536 867 1603 καὶ
892 1538 1004 1623 χώραν
1028 1540 1181 1622 ulmi-1345

103 1659 197 1708 σοντι
220 1643 414 1727 εὐδαίμονα·
444 1639 541 1707 ἔπειτ’
571 1641 811 1732 ἐνθυμουμένῳ
838 1645 898 1708 τὸν
921 1646 1051 1729 λοιμόν,
1082 1645 1130 1726 δςι

102 1746 140 1814 έν
162 1756 201 1835 τή
225 1749 390 1835 μελλούση
414 1748 516 1814 αὐτὸν
537 1746 761 1834 ὑποδέχεσθαι
783 1751 878 1813 πόλει
895 1751 1000 1826 πολὺς
1022 1755 1119 1833 γενό-

62 1875 87 1916 ιι
102 1878 201 1939 μενος
223 1855 301 1931 τούς
324 1851 351 1919 τ’
377 1855 552 1940 οἰκήτορας
575 1854 772 1939 διεφθάρκει
794 1852 849 1919 καὶ
873 1853 949 1932 δέος
970 1868 1118 1943 παρεῖχε,

101 1964 146 2047 μή
179 1959 233 2027 καὶ
265 1964 344 2038 τοὺς
375 1960 528 2037 ἐποίκους
558 1959 679 2026 ταύτὸν
713 1951 904 2047 ἐργάσηται,
935 1968 1116 2046 μεθίστατο

100 2069 183 2134 κατά
210 2069 330 2154 μικρὸν
356 2070 403 2145 είς
429 2066 588 2133 τάναντία
615 2067 635 2151 ἡ
664 2067 796 2152 γνώμη,
826 2065 900 2134 ὥστ’
929 2069 971 2135 οὐ
997 2074 1120 2136 πολλοί

99 2198 188 2252 τινες
215 2174 386 2260 ἐφάνησαν
414 2176 450 2240 οί
474 2173 621 2261 μετέχειν
651 2177 852 2260 βουλόμενοι
873 2185 931 2259 τῆς
953 2176 1115 2262 ἀποικίας,

100 2280 184 2346 ἀλλά
206 2283 293 2348 πολὺ
316 2280 471 2359 ἐλάττους
494 2275 580 2364 ὧνή
603 2283 709 2367 βουλή
729 2281 925 2368 ἐψηφίσατο,
947 2281 1002 2348 καὶ
1022 2279 1115 2350 οὗτοι

59 2407 86 2448 ω
100 2385 131 2452 δ’
152 2389 216 2472 ήδη
241 2398 336 2473 σφῶν
355 2387 465 2454 αύτων
484 2390 731 2472 κατεγνώκεσαν
750 2389 795 2466 ὡς
811 2401 919 2467 κακῶς
936 2394 1114 2475 βεβουλευ-

64 2492 211 2578 5μένων
234 2492 289 2558 καὶ
307 2492 534 2560 ὑπανεδύοντο
553 2495 615 2578 τήν
633 2493 757 2573 ἔξοδον.
790 2498 982 2581 κατελήφθη
1001 2496 1115 2581 μέντοι

99 2608 198 2667 τοῦτο
220 2601 257 2666 τὸ
281 2597 456 2684 μέροςκαὶ
479 2602 516 2666 τὸ
539 2601 621 2666 ἀλλο
643 2603 681 2667 τὸ
705 2602 749 2685 μή
777 2599 935 2679 ἑκουσίως
958 2607 1114 2690 συναιρό-

100 2731 203 2791 μενον
223 2715 282 2790 τής
301 2704 418 2784 ἐξόδου
437 2704 669 2792 ψηφισαμένης
685 2715 743 2792 τῆς
761 2712 885 2792 βουλής
903 2707 936 2786 ἐξ
959 2707 1113 2776 ἁπάντων

171 2943 187 2990 2
207 2935 220 2991 ἐ
238 2937 332 2991 ίνοντο
350 2933 373 2988 Β
393 2929 521 3005 ἐγένοντο
539 2933 565 2987 R
584 2929 711 3004 ἐλέγοντο
730 2951 754 2990 ο.
774 2934 896 3006 Sylburg
976 2943 993 2990 4
1012 2936 1027 2970 *
1045 2957 1115 3009 προ-

100 2957 356 3076 εμηχανάταντοΟ
435 3004 520 3075 θτήν
540 3005 604 3062 αδδ.
623 3005 767 3076 Kiessling
844 3005 1023 3075 Madd&
1097 3015 1113 3062 9

98 3070 145 3145 ἐγέ
178 3097 209 3132 το
228 3095 252 3134 ο.
271 3076 416 3147 Kiessling
530 3082 564 3130 10
583 3071 677 3132 ἐδόκει
694 3086 732 3132 τῶ
751 3074 830 3147 δήμω
849 3077 881 3132 δὲ
900 3078 1043 3150 καταρχὰς
1060 3079 1112 3150 μὲν

98 3097 209 3217 ἀσμένα
227 3148 253 3201 A
277 3158 315 3203 τῶ
333 3147 411 3219 δήμω
431 3147 462 3203 δὲ
481 3147 623 3219 καταρχὰς
640 3147 691 3218 μὲν
710 3143 746 3217 ἦν
765 3147 876 3220 ἀσμένω
894 3151 917 3203 Β
991 3157 1025 3204 14
1043 3152 1113 3205 ὑπο-

97 3215 235 3288 δέχεσθαι
253 3223 334 3275 πόλει
350 3218 501 3290 γενόμενος
518 3219 604 3288 vulgo
622 3220 648 3274 θ.
667 3221 753 3282 πολύς
771 3240 796 3289 γ.
810 3220 864 3274 ΑΒ
883 3221 908 3276 θ.
928 3220 1008 3275 πόλει
1026 3223 1113 3284 πολὺς

97 3308 123 3358 γ.
143 3305 166 3344 ο,
184 3288 330 3360 Kieesling
404 3297 436 3345 16
456 3285 588 3353 ἐποίκους
605 3291 682 3344 ABa
700 3291 837 3354 ἀποίκους
855 3290 901 3345 Bb
919 3292 985 3360 ή*τδ
1005 3291 1111 3347 αύτδΟ

97 3364 131 3414 21
151 3358 318 3430 κατελήφθη
337 3362 360 3414 Β
379 3363 553 3431 κατελείφθη
572 3361 597 3415 R
659 3368 693 3417 22
708 3360 928 3434 *συναράμενον
944 3361 967 3416 O
986 3384 1021 3435 αρ
1041 3381 1111 3419 corr.

98 3446 132 3486 ex
150 3451 199 3503 αιρ
217 3431 250 3486 ut
267 3429 380 3486 videtur
398 3432 421 3484 Β
441 3435 644 3504 συναιρόμενον
663 3449 716 3504 ego
