2424 3848
117 166 183 230 370
540 161 707 216 -Θ-

118 326 227 413 άπάση
254 326 428 412 προθυμίᾳ
455 324 571 402 σώζειν
597 325 657 388 τὸν
686 323 809 410 άνδρα,
836 322 891 389 καὶ
913 327 973 390 τὸν
989 321 1136 392 ’Ἄππιον

117 432 400 519 παρακαλούντων
427 424 509 507 εἶξαι
537 437 582 517 τῷ
611 437 715 517 καιρῷ
742 426 798 495 καὶ
826 439 934 516 σχῆμα
957 439 1030 508 ταῖς
1052 454 1137 519 παρ-

118 541 235 615 ούσαις
261 538 374 623 τύχαις
399 534 563 623 ἁρμόττον
586 538 799 620 μεταλαβεῖν,
827 533 927 629 οὐδὲν
951 539 1015 622 ἐφη
1039 540 1136 622 ποιή-

118 662 189 710 σειν
209 643 227 710 δ
246 641 331 729 ἀνήρ
351 639 419 707 οὔτ’
437 637 573 726 ἀγεννὲς
587 641 664 706 οὔτε
677 650 744 707 τῶν
757 645 1011 727 προγεγονότων
1026 646 1187 729 έργωνιεει

89 749 272 833 εάνάξιον,
294 750 435 835 μυρίους
457 745 487 812 δ’
514 746 556 812 ἀν
579 746 757 832 ὑπομεῖναι
778 747 948 839 θανάτους
969 752 1136 837 πρότερον

118 857 139 941 ή
158 855 309 941 γονάτων
328 856 482 933 άήασθαί
496 872 599 930 τινος·
623 853 701 930 τούς
719 848 756 918 θ’
773 851 857 941 ὑπὲρ
876 855 980 921 αὐτοῦ
1000 857 1136 923 δεῖσθαι

117 959 446 1049 παρεσκευασμένους
469 961 649 1025 διεκώλυεν
671 960 789 1043 εἰπάν,
817 961 862 1037 ὡς
884 962 1071 1041 διπλασίως
1094 963 1135 1030 ἀν

119 1070 290 1153 αἰδεσθείη
319 1065 417 1133 ταῦθ’
443 1063 527 1152 ὑπὲρ
550 1066 654 1131 αύτοῢ
676 1076 855 1143 ποιοῦντας
877 1064 1012 1155 ἑτέρους
1035 1068 1135 1155 δρῶν,

118 1174 139 1240 δ
163 1171 239 1260 μηδ’
261 1174 363 1239 αὐτὸν
386 1170 510 1259 ὑπὲρ
493 1182 613 1239 εαυτοῦ
635 1172 791 1254 πράττειν
810 1170 978 1259 πρέποντα
997 1175 1134 1259 ήγεῖται.

77 1267 221 1382 4ταύτά
243 1304 278 1345 τε
303 1279 344 1362 δή
367 1277 422 1344 καὶ
445 1280 551 1344 πολλὰ
574 1279 672 1363 ὅμοια
693 1281 823 1356 τούτοις
841 1278 960 1364 λέγων,
983 1280 1092 1347 καῖ’
1059 1280 1130 1348 οὐτ’

91 1342 244 1471 οέσθήτα
266 1384 408 1464 ἀλλάξας
430 1387 506 1451 ούτε
529 1387 566 1452 τὸ
590 1393 647 1469 τῆς
670 1387 778 1464 ὄψεως
799 1396 928 1473 γαῦρον
949 1385 1134 1467 ἀλλοιώσας

118 1494 194 1559 ούτε
216 1495 428 1581 φρονήματός
450 1517 481 1557 τι
504 1489 719 1576 ύφέμενος,“
702 1516 747 1568 ως
768 1488 857 1557 εἶδεν
876 1493 986 1578 ὀρθήν
1004 1492 1062 1560 καί
1081 1519 1135 1580 με-

118 1597 243 1685 τέωρον
263 1597 315 1664 ἐπὶ
332 1607 372 1684 τῇ
391 1599 574 1684 προσδοκία
588 1607 649 1663 τοῦ
663 1597 792 1681 ἀγῶνος
805 1600 866 1683 τήν
879 1601 991 1684 πόλιν,
1010 1599 1134 1684 ὀλίγων

81 1707 166 1777 ὅέτι
189 1702 394 1788 λειπομένων
416 1703 548 1790 ἡμερῶν
572 1701 691 1770 ἑαυτὸν
714 1706 918 1791 διεχρήσατο.
956 1706 993 1772 οί
1010 1703 1073 1790 μὲν
1093 1709 1133 1792 δή

78 1834 104 1874 15
118 1810 340 1895 προσήκοντες
377 1809 464 1896 αὐτῷ
500 1812 605 1875 νόσον
641 1810 841 1893 ἐσκήπτοντο
877 1809 1037 1895 γενέσθαι
1073 1822 1133 1879 τοῦ

118 1915 269 1981 θανάτου
288 1916 409 1983 αἰτίαν
427 1913 688 2003 προενεχθέντος
706 1915 744 1982 δὲ
761 1926 821 1983 τοῦ
841 1920 989 2004 σώματος
1007 1920 1056 1996 είς
1074 1921 1134 2004 τήν

119 2020 245 2107 ἀγοράν
268 2022 286 2088 ὁ
311 2018 372 2106 μὲν
395 2022 468 2098 υίὸς
490 2021 594 2088 αὐτοῦ
616 2025 766 2109 προσιὼν
786 2035 856 2101 τοῖς
879 2026 1063 2112 δημάρχοις
1080 2023 1134 2091 καὶ

118 2140 188 2205 τοῖς
215 2127 352 2205 ὑπάτοις
373 2127 468 2212 ήξίου
491 2128 552 2211 τήν
574 2132 718 2214 νόμιμον
741 2129 917 2215 ἐκκλησίαν
940 2131 1030 2220 αὐτῷ
1056 2149 1133 2197 συν-

119 2245 256 2318 αγαγεῖν
284 2233 339 2300 καί
366 2238 425 2301 τὸν
453 2233 490 2300 έν
518 2238 591 2300 ἐθει
614 2235 783 2320 Ῥωμαίοις
805 2238 886 2302 ὄντα
909 2235 962 2303 ἐπὶ
985 2249 1057 2315 ταῖς
1080 2261 1133 2303 τα-

76 2365 104 2405 εο
118 2351 198 2425 φαῖς
216 2340 438 2427 ἀγορεύεσθαι
455 2351 523 2406 τῶν
542 2339 681 2425 ἀγαθῶν
698 2340 831 2427 ἀνδρῶν
845 2345 947 2426 λόγον
962 2341 1133 2429 ἐπιτρέψαι

83 2444 194 2534 6περί
216 2455 277 2513 τοῦ
299 2449 421 2533 πατρὸς
444 2449 602 2511 διελθεῖν.
635 2447 671 2511 ολ
691 2444 728 2512 δὲ
748 2448 910 2535 δήμαρχοι
928 2449 1187 2535 καλουμένηςΙεεῖ

118 2555 166 2618 ἐτι
197 2561 255 2636 της
286 2551 459 2636 ἐκκλησίας
489 2552 554 2618 ὑπὸ
587 2563 654 2618 τῶν
686 2553 820 2619 ὑπάτων
853 2554 1045 2640 ἐνίσταντο,
1080 2555 1133 2622 καὶ

117 2661 348 2745 παρήγγελλον
374 2667 420 2748 τῷ
449 2662 607 2749 μειρακίῳ
631 2662 690 2725 τὸν
712 2661 833 2748 νεκρὸν
855 2659 1048 2748 ἀποφέρειν.
1094 2663 1132 2729 ού

118 2766 186 2849 μήν
215 2758 233 2831 ὅ
264 2766 368 2850 δήμός
397 2763 428 2849 γ’
459 2763 614 2851 ήνέσχετο
646 2763 725 2831 οὐδὲ
754 2769 899 2854 περιεῖδε
929 2769 992 2852 τήν
1021 2769 1132 2856 ύβριν,

77 2893 104 2936 νε
118 2872 236 2956 άτιμον
256 2869 461 2956 ἐκβληθῆναι
475 2873 512 2938 τὸ
528 2883 633 2957 σῶμα,
652 2869 725 2938 ἀλλ’
743 2870 899 2960 ἐπέτρεψε
913 2882 959 2963 τῷ
975 2879 1132 2966 μειρακίῳ

189 3139 205 3187 8
229 3131 389 3206 αίδεοθείη]
414 3135 572 3216 ἀχθεσθείη
597 3151 620 3190 ο.
639 3133 728 3190 Cobet
750 3133 852 3204 Ob5.p
855 3141 933 3190 ,183
1007 3143 1023 3192 9
1048 3137 1131 3193 αύιδν

117 3204 143 3257 Α
168 3220 222 3259 om
246 3206 269 3258 Β
293 3205 378 3267 αύτδς
400 3223 423 3261 ο.
442 3205 586 3296 Kiessling
694 3211 729 3259 14
752 3207 937 3277 διεχειρίσατο
956 3206 1007 3261 Ac
1032 3209 1131 3282 <δι>ε-

118 3275 307 3349 <χειρί>οατο
325 3276 372 3330 Bb
397 3275 563 3347 διεχρήσατο
582 3275 685 3332 Reiske
704 3277 739 3331 cf.
760 3279 797 3331 IX
816 3283 859 3346 40,
878 3283 896 3331 4
968 3284 1003 3333 23
1027 3278 1130 3350 παρήγ

117 3349 225 3413 γειλλον
244 3347 269 3400 Α
362 3353 396 3402 24
419 3348 455 3416 ήν
458 3347 551 3417 έοχετο
570 3347 622 3417 τήν
639 3346 722 3420 ύβριν
741 3347 807 3403 ούδὲ
827 3349 971 3419 περιεῖδεν
990 3349 1130 3422 ἀτιμονο.

116 3414 283 3471 dubitanter
300 3417 444 3489 Kiessling
