2424 3848
106 173 151 238 54
533 176 693 224 -Ζ-

106 332 158 424 ἐφ’
182 327 232 414 οἷς
254 325 386 402 ἔσονται
410 335 551 410 δικαίοις
574 334 611 400 αὑ
632 336 818 418 διαλλαγαί,
841 335 951 412 δεινὸς
973 334 1058 420 ἀνὴρ
1080 337 1125 402 τά

105 438 135 510 τ’
165 445 249 509 ἀλλα
281 439 335 507 καὶ
366 445 491 526 πόρους
517 440 629 525 εὑρεῖν
658 440 694 506 ἐν
722 439 873 525 ἀπόροις,
905 440 1125 527 προσέρχεται

106 551 208 633 μόνος
231 553 323 638 μόνῳ
341 546 397 614 καὶ
415 549 609 614 ὑποτίθεται
628 548 671 632 μὴ
691 553 894 632 φιλονεικεῖν
912 547 1124 635 ἐγχειρήματι

106 662 221 744 θερμῳ
248 654 303 721 καὶ
330 659 512 744 παρανόμῳ
538 657 864 738 συναγωνιζόμενον,
891 656 1020 742 ὁρῶντα
1043 657 1125 734 τούς

79 781 141 826 ετε
163 765 355 848 πατρικίους
382 763 527 838 ἅπαντας
549 759 791 846 ἠρεθισμένους
812 758 868 825 καὶ
891 758 1043 846 ἑτοίμους
1065 764 1125 828 ὄν-

105 892 173 953 τας,
196 870 228 933 εί
244 873 399 952 κληθεῖεν
417 868 483 934 ὑπὸ
501 879 569 933 τῶν
586 867 733 950 ὑπάτων,
756 864 809 932 ἐπὶ
828 868 868 931 τά
887 868 971 933 ὅπλα
989 879 1126 955 χωρεῖν,

105 985 166 1041 τοῦ
196 970 232 1040 δὲ
264 975 372 1059 δήμου
402 977 440 1041 τὸ
467 974 714 1061 καρτερώτατον
742 970 842 1058 μέρος
868 973 1040 1053 ἐνδοιάζον
1066 973 1125 1041 καὶ

105 1083 167 1148 οὐκ
199 1080 372 1165 ἀγαπητῶς
402 1079 735 1167 δεχόμενονάνδρὸς
765 1078 1028 1165 ἐπιφανεστάτου
1054 1092 1126 1148 τῶν

105 1188 142 1255 ἐν
164 1198 203 1274 τῇ
227 1192 321 1254 πόλει
344 1188 531 1275 παράδοσιν
554 1184 607 1252 ἐπὶ
629 1187 766 1276 θανάτῳ
788 1184 844 1253 καί
862 1185 952 1254 ταῦτ’
977 1189 1125 1273 ἀκρίτου.

66 1261 326 1381 Ξουνεβούλευε
357 1293 388 1360 δ’
418 1294 506 1381 αὐτῷ
537 1297 609 1360 τότε
641 1269 702 1379 μὲν
732 1289 814 1373 εἶξαι
844 1292 899 1360 καὶ
927 1296 972 1379 μὴ
999 1307 1124 1381 χωρεῖν

105 1403 205 1487 ὁμόσε
237 1413 306 1478 τοῖς
337 1400 488 1484 ὑπάτοις,
521 1402 566 1485 μή
598 1424 630 1465 τι
660 1403 772 1485 μεῖζον
800 1403 904 1467 κακὸν
933 1400 1125 1487 ἐργάσηται,

104 1515 283 1593 προθεῖναι
301 1503 364 1571 ’δὲ’
379 1515 424 1594 τῷ
453 1503 552 1591 ἀνδρὶ
580 1508 677 1591 δίκην
705 1507 862 1592 ὁρίσαντα
888 1511 1012 1593 χρόνον
1039 1507 1124 1574 ὅσον
1167 1551 1170 1556 -

106 1615 147 1698 δή
165 1637 252 1697 τινα,
274 1610 330 1678 καὶ
354 1620 467 1697 ψῆφον
490 1611 674 1677 ἀναδοῦναι
696 1624 767 1690 τοῖς
789 1616 937 1691 πολίταις
959 1610 1043 1700 ὑπὲρ
1063 1615 1124 1680 αὑ-

105 1730 166 1787 τοῦ
189 1720 270 1784 κατά
294 1718 417 1802 φυλάς·
447 1717 465 1781 ὅ
488 1740 520 1781 τι
543 1713 573 1782 δ’
597 1716 639 1782 ἀν
662 1720 700 1783 αί
718 1723 853 1796 πλείους
875 1728 981 1804 ψῆφοι
1004 1726 1200 1791 uam-1391

65 1847 91 1888 ιε
105 1836 199 1912 ρῶσι,
221 1834 320 1890 τοῦτο
342 1834 465 1888 ποιεῖν·
488 1826 689 1904 τυραννικὸν
713 1820 775 1909 μὲν
798 1826 860 1910 γάρ
886 1821 1048 1891 εἶναικαὶ
1073 1831 1126 1913 βί-

105 1955 193 2015 αιον,
209 1930 227 1996 ὃ
241 1941 305 1997 νῦν
320 1929 471 2014 ἐπειρᾶτο
486 1930 757 2015 διαπράττεσθαι,
771 1935 830 1998 τὸν
844 1932 947 1998 αὑτὸν
960 1932 1125 2020 ὑπάρχειν

104 2036 160 2104 καὶ
182 2040 368 2123 κατήγορον
390 2034 445 2102 καὶ
470 2036 629 2121 δικαστὴν
651 2035 706 2102 καὶ
728 2048 789 2104 τοῦ
807 2036 929 2124 μέτρου
947 2047 1004 2124 τῆς
1022 2063 1126 2124 τιμω-

104 2149 178 2231 ρίας
204 2145 336 2229 κύριον·
366 2146 538 2209 πολιτικὸν
566 2138 603 2208 δέ
631 2145 668 2210 τὸ
691 2145 773 2209 κατὰ
795 2147 921 2229 νόμους
942 2143 1127 2230 ἀπολογίας

104 2255 246 2338 τυχόντα
268 2251 328 2316 τὸν
350 2250 521 2335 ὑπαίτιον,
549 2250 567 2314 ὅ
590 2275 622 2316 τι
646 2249 687 2315 ἀν
710 2261 779 2327 τοῖς
801 2255 931 2317 πλείοσι
953 2252 1126 2332 δικασταῖς

63 2323 198 2444 ἐδόξη,
220 2366 318 2422 τοῦτο
341 2363 472 2421 παθεῖν.
509 2360 660 2421 πείθεται
682 2358 812 2435 τούτοις
831 2358 849 2424 ὁ
868 2361 1042 2436 Σικίννιος
1062 2385 1126 2445 μη-

104 2461 162 2531 δὲν
188 2465 277 2549 ὁρῶν
299 2463 468 2547 βούλευμα
491 2475 641 2549 κρεῖττον
664 2461 719 2529 καὶ
741 2466 921 2548 παρελθὼν
945 2467 1021 2550 ἔφη·
1053 2469 1125 2552 Τὴν

103 2568 165 2657 μὲν
192 2572 344 2654 σπουδὴν
367 2571 464 2656 ὁρᾶτε
487 2582 554 2635 τῶν
577 2574 759 2656 πατρικίων
782 2572 843 2656 τὴν
865 2570 914 2648 είς
935 2568 1125 2657 τάφονικά

101 2676 157 2744 καί
180 2680 273 2763 βίαια
295 2680 392 2761 ἔργα,
415 2671 441 2742 ὦ
465 2677 616 2762 δημόται,
639 2678 684 2754 ὡς
707 2675 781 2754 ἑνὸς
803 2677 926 2762 ἀνδρὸς
948 2677 1125 2758 αὐθάδους

103 2786 185 2870 ὅλην
213 2784 409 2862 ἀδικοῦντος
431 2785 492 2868 την
514 2787 614 2850 πόλιν
636 2780 736 2868 ἧττον
758 2781 908 2850 τίθενται
930 2787 968 2851 τὸ
991 2790 1125 2870 πλῆθος

59 2918 89 2960 νε
102 2894 140 2959 τὸ
162 2890 332 2978 ὑμέτερον.
378 2890 419 2957 οὑ
442 2891 508 2975 μὴν
531 2890 668 2974 ὁμοίους
690 2888 721 2973 γ’
745 2890 856 2967 αὐτοῖς
880 2895 1036 2974 γίνεσθαι
1059 2895 1123 2979 χρὴ

174 3090 189 3138 5
209 3083 304 3154 ὄντας]
325 3083 453 3144 ἅπαντας
472 3080 494 3136 0
513 3084 628 3151 praeter
644 3083 667 3136 Β
735 3089 750 3136 6
770 3077 838 3160 <hcl
856 3082 891 3136 τά
910 3081 1004 3154 ό>πλα
1022 3083 1071 3138 Bb
1089 3084 1122 3140 in

100 3170 156 3208 ras.
229 3160 320 3209 ’ῖτοῖι
344 3154 375 3210 δὲ
400 3154 425 3207 A
447 3161 497 3208 τοῦ
515 3153 591 3208 τεΒ
665 3160 699 3208 14
722 3154 935 3223 καθαιροῦσιΒ
1010 3161 1043 3209 15
1066 3155 1167 3226 γὰρ-

102 3239 157 3285 om.
176 3224 199 3276 B
255 3230 287 3278 19
306 3225 445 3280 ὑπατικὸν
465 3223 487 3278 0
507 3224 653 3293 ὑπόδικον,
672 3226 813 3293 ὑπαίτιον,
832 3225 999 3281 ὑπεύθυνον
1019 3226 1065 3280 vel
1083 3228 1122 3282 si-

100 3293 169 3348 mile
188 3292 257 3362 quid
276 3295 408 3350 Gelenius
472 3301 507 3349 24
525 3299 655 3350 τίθενται
674 3297 724 3352 01)
743 3299 855 3351 τίθεται
873 3296 901 3349 R
958 3305 991 3352 λδ
1011 3298 1044 3352 οὑ
1064 3298 1122 3368 μὴν

101 3361 264 3491 ,δρχοίουςΒγε
284 3368 379 3429 αὑτοῖς
397 3367 529 3436 γίνεσθαι
548 3366 638 3438 χρὴΒ
657 3369 690 3422 οὐ
709 3366 765 3437 μὴν
784 3367 898 3438 ὁμοίους
915 3369 1049 3437 γίνεσθαι
1067 3369 1121 3440 χρὴ

88 3457 121 3490 ·α
140 3456 198 3499 τοις

199 3598 283 3634 A
