2424 3848
125 190 192 254 224
548 191 716 240 -Η-

91 352 272 437 λοίμωγδις
290 348 345 416 καὶ
364 354 528 428 λιτανείας
548 350 584 416 έν
599 348 714 416 οὐδενὶ
728 354 816 439 λόγφ
835 353 1016 435 τιθέμενοι.
1047 349 1142 416 τοῦτ’

128 459 328 544 ἀγνοοῦντες
363 458 399 522 οί
427 454 603 541 Ῥωμαῖοι,
638 455 843 540 πεπυσμένοι
881 452 918 520 δὲ
953 455 1042 542 παρὰ
1075 467 1150 523 τῶν

128 567 345 651 αἰχμαλώτων
376 567 558 650 πρότερον,
594 564 645 629 ὅτι
677 564 819 647 δύναμις
848 560 1012 648 Ἑρνίκων
1048 559 1149 649 ἑτέρα

128 671 243 756 μέλλοι
265 673 393 758 βοηθὸς
414 671 506 754 ἥξειν
529 682 599 747 τοῖς
622 669 809 757 σφετέροις,
839 669 894 735 καὶ
916 671 978 754 την
1001 672 1087 755 βοήν
1110 695 1148 737 τε

103 777 184 844 εκαὶ
201 780 348 864 ταραχὴν
372 776 425 843 ἐπὶ
443 787 482 863 τῇ
507 776 643 842 ἐκείνων
666 775 777 861 ἀφίξει
800 774 975 860 γεγονέναι
992 779 1149 861 νομίζον-

129 908 198 968 τες,
225 884 266 949 τά
288 878 316 949 τ’
343 884 428 949 δπλα
451 882 617 967 ἀνέλαβον
639 881 694 948 καὶ
717 885 776 949 τὸν
799 883 926 968 χάρακα
949 900 1149 969 περιστεφα-

130 992 307 1073 νώσαντες,
330 993 374 1073 μη
397 1015 447 1067 τις
470 991 591 1076 ἔφοδος
614 989 727 1066 αὐτοῖς
750 987 880 1073 γένοιτο
904 991 1047 1076 νύκτωρ,
1071 988 1148 1056 τοτὲ

130 1094 192 1182 μέν
215 1097 328 1162 ὅπλων
350 1098 476 1163 κτύπον
500 1096 636 1162 ε’ποίονν
660 1094 793 1181 ἀθρόοι,
815 1092 889 1161 ποτέ
913 1093 942 1160 δ’
967 1097 1078 1181 ὥσπερ
1099 1100 1211 1175 είς1664

131 1204 240 1289 μάχην
263 1203 451 1288 ὁρμώμενοι
473 1203 602 1287 θαμινά
622 1200 833 1286 ἐπηλάλαζον.
878 1213 950 1280 τοῖς
968 1200 999 1268 δ’
1016 1201 1148 1290 Ἕρνιξι

92 1308 186 1375 1οκαά
208 1319 311 1375 ταῦτα
335 1308 410 1385 δέος
433 1306 515 1393 μέγα
538 1319 684 1393 παρεῖχε,
707 1307 762 1373 καὶ
783 1309 828 1385 ὡς
847 1310 1046 1394 διωκόμενοι
1064 1313 1149 1396 πρὸς

130 1428 198 1483 τῶν
220 1419 390 1499 πολεμίων
409 1416 573 1501 σποράδες
590 1416 697 1480 ἀλλοτ
704 1412 775 1480 κατ’
797 1417 899 1493 άλλας
917 1416 1019 1493 ὁδούς
1037 1419 1148 1483 ἔθεον.

97 1521 256 1608 3ἡμέρας
288 1518 325 1586 δέ
356 1520 553 1607 γενομένης,
586 1520 699 1607 ἐπειδὴ
733 1521 938 1606 ἀπήγγειλαν
970 1524 1084 1600 αὐτοῖς
1116 1525 1153 1590 οί

133 1629 341 1714 πεμφθέντες
367 1627 421 1693 έπλ
448 1630 510 1712 την
532 1630 743 1713 κατασκοπὴν
767 1629 890 1713 ίππείς,
918 1631 962 1707 ῶς
985 1631 1062 1695 ούτε
1090 1631 1151 1697 δύ-

133 1759 231 1819 ναμις
253 1732 348 1821 ἑτέρα
365 1732 486 1821 παρῄει
511 1736 681 1821 σύμμαχος
699 1747 769 1812 τοῖς
790 1739 971 1820 πολεμίοις,
996 1738 1031 1802 οί
1051 1760 1086 1802 τε
1109 1747 1150 1824 τῇ

95 1865 120 1906 15
134 1840 278 1929 προτέρη
309 1840 573 1927 παραταξάμενοι
607 1843 693 1929 μάχη
723 1843 946 1927 πεφεύγασιν,
979 1841 1152 1927 ἐξαγαγὼν

133 1950 196 2032 την
220 1949 364 2032 δύναμιν
388 1947 406 2014 δ
426 1945 596 2026 Ἀκύλλιος
618 1953 678 2014 τόν
696 1971 730 2014 τε
751 1949 878 2034 χάρακα
896 1960 964 2014 τῶν
981 1952 1152 2035 πολεμίων

135 2055 223 2141 αίρεί
240 2056 360 2140 μεστὸν
379 2056 459 2120 ὄντα
477 2056 669 2139 ὑποζυγίων
685 2079 719 2120 τε
738 2053 793 2120 καὶ
812 2055 934 2142 ἀγορᾶς
951 2053 1007 2120 καὶ
1026 2056 1152 2141 ὅπλων,

134 2160 190 2226 καὶ
216 2165 295 2239 τοὺς
321 2166 521 2247 τραυματίας
548 2162 658 2228 αὐτῶν
687 2163 748 2228 οὐκ
776 2162 931 2239 ἐλάττους
958 2164 1057 2240 ὄντας
1084 2175 1153 2230 τῶν

135 2271 350 2353 πεφευγότων
370 2271 541 2353 λαμβάνει,
559 2272 621 2352 τήν
639 2292 674 2334 τε
693 2270 795 2335 ἵππον
810 2266 976 2353 ἐκπέμψας
1000 2267 1054 2334 ἐπὶ
1073 2272 1153 2348 τοὺς

97 2399 123 2439 εο
137 2374 397 2458 ἐσκεδασμένους
420 2374 483 2440 ἀνά
506 2376 563 2452 τάς
586 2375 687 2452 ὁδούς
705 2399 739 2440 τε
762 2374 817 2441 καὶ
835 2376 893 2452 τδις
915 2376 998 2453 ὕλας
1015 2382 1152 2443 πολλῶν

136 2483 262 2565 γίνεται
277 2482 439 2565 σωμάτων
454 2481 625 2566 ε’γκρατης·
639 2480 695 2546 καὶ
709 2483 745 2547 τὸ
761 2483 878 2547 λοιπὸν
892 2483 957 2567 ἤδη
972 2483 1033 2566 τὴν
1042 2480 1152 2569 Ἑρνί-

137 2612 206 2653 κων
224 2596 288 2670 γῆν
308 2585 399 2673 ἐπῄει
419 2592 587 2671 λεηλατῶν
601 2586 717 2672 ἀδεῶς,
741 2588 881 2665 οὐδενὸς
899 2581 951 2654 ἔτι
964 2588 1153 2674 ὑπομένον-

138 2719 193 2772 τος
216 2696 264 2770 είς
286 2705 399 2779 χεῖρας
422 2691 516 2758 ίέναι.
561 2703 664 2759 ταῦτα
688 2690 748 2778 μὲν
768 2691 939 2772 Ἀκύλλιος
961 2697 1113 2780 έδρασεν,

204 2799 337 2865 LXVII.
374 2797 410 2862 ‘O
438 2796 468 2864 δ’
497 2799 607 2884 ἔτερος
629 2811 697 2866 τῶν
719 2800 854 2866 ὑπάτων
867 2852 870 2856 .
883 2791 983 2879 Τῖτος
1005 2807 1207 2888 Σίκκιος,166

98 2909 156 2974 εεδ
180 2905 345 2992 πεμφθεὶς
367 2905 420 2971 έπλ
445 2905 696 2990 Οὐολούσκους,
725 2907 805 2972 ὅσον
827 2903 871 2990 ἦν
897 2908 1075 2994 κράτιστον
1097 2921 1156 2995 της

139 3013 311 3098 δυνάμεως
329 3012 428 3098 μέρος
446 3013 624 3105 ἀναλαβὼν
642 3015 689 3091 είς
706 3015 768 3097 την
789 3013 1023 3100 Οὐελιτρανῶν
1041 3018 1156 3102 χάραν

210 3175 226 3222 9
247 3165 462 3243 έπηλά<λα>ζον
486 3170 508 3222 Β
600 3175 632 3224 11
654 3167 739 3224 ἔδεον
758 3169 780 3224 O
873 3176 907 3225 14
925 3179 1021 3242 παρῆν
1040 3175 1066 3226 Α
1084 3193 1157 3244 παρ-

139 3241 227 3314 <ήει>
245 3241 268 3293 Β
287 3243 390 3311 παρείη
409 3259 431 3298 ο.
451 3242 557 3323 Βεεελιε
650 3248 684 3296 23
703 3241 752 3323 καί
770 3250 859 3296 ταῦτα
878 3259 901 3296 ο.
920 3242 1025 3298 Reiske
1122 3253 1157 3300 26

140 3313 302 3384 ἀναλαβὼν,
331 3314 408 3382 quod
427 3313 592 3384 Sylburgms
621 3312 719 3403 δεεεεε
742 3313 942 3384 mtellegebat,
970 3314 993 3367 B
1018 3314 1158 3384 praebere

140 3452 309 3521 Heylbutius
328 3455 410 3510 testis
430 3458 474 3511 est
492 3386 670 3526 μὲρούαβοδίς
689 3457 709 3512 (λ
