2424 3848
158 326 261 392 LXII.
304 328 349 390 Εί
371 321 431 410 μὲν
456 320 517 389 οὖν
541 325 608 408 ἅμα
630 335 700 402 τοῖς
723 324 852 409 σώμασι
876 326 1107 408 διαλυομένοις

92 431 148 500 καὶ
175 435 213 500 τὸ
246 442 304 518 τῆς
335 440 458 517 ψυχῆς,
490 429 657 515 ὁτιδήποτ’
690 430 781 497 ἐστὶν
814 431 939 516 έκεῖνο,
971 433 1108 497 συνδια-

93 541 223 622 λύεται,
250 537 305 604 καὶ
333 538 462 623 οὐδαμῇ
491 534 596 604 οὐθὲν
624 539 671 602 ἔτι
700 536 805 621 ἐστίν,
834 537 895 604 οὐκ
923 533 986 604 οἷδ’
1020 539 1109 616 ὅπως

90 649 276 734 μακαρίους
298 645 454 728 ὑπολάβω
477 647 555 721 τοὺς
574 640 682 729 μηθέν
701 639 763 727 μὲν
781 645 1032 722 ἀπολαύσαντας
1051 655 1109 729 τής

92 753 210 841 ἀρετῆς
233 751 376 836 ἀγαθόν,
399 747 443 816 δι’
467 751 570 835 αὐτήν
595 747 632 815 δὲ
655 751 778 834 ταύτην
802 750 1038 836 ἀπολομένους.
1079 754 1110 818 εί
1136 771 1149 812 ⁵

92 857 126 927 δ’
152 862 322 946 ἄφθαρτοι
349 856 444 944 μέχρι
471 867 532 923 τοῦ
559 858 681 934 παντὸς
704 857 741 921 αί
760 856 864 943 ψυχαὶ
886 859 1110 944 τυγχάνουσιν
1185 859 1188 863 ’

91 967 188 1052 ἡμῶν
208 961 306 1032 οὖσαι
323 955 474 1051 καθάπερ
493 968 624 1036 οίονταί
639 986 737 1048 τινες,
755 964 776 1049 ή
795 967 919 1051 χρόνον
936 967 1011 1031 τινὰ
1030 966 1110 1050 μετὰ

93 1075 156 1158 τήν
175 1073 370 1156 ἀπαλλαγήν
389 1082 455 1137 τῶν
475 1070 636 1154 σωμάτων
655 1073 702 1136 ἔτι
721 1070 928 1155 διαμένουσι,
950 1074 1110 1156 μήκιστον

94 1177 157 1266 μὲν
180 1179 219 1244 αί
237 1187 305 1243 τῶν
328 1177 467 1261 ἀγαθῶν
490 1176 636 1262 ἀνδρῶν,
659 1174 832 1261 ἐλάχιστον
855 1174 886 1240 δ’
908 1177 946 1242 τά
965 1188 1031 1243 τῶν
1053 1202 1111 1243 κα-

94 1297 176 1370 κῶν,
199 1284 377 1373 ἀποχρῶσα
395 1285 471 1368 τιμή
494 1277 638 1368 φαίνοιτ’
660 1284 714 1367 άν,
737 1273 788 1360 οἷς
810 1282 931 1369 ἀρετήν
949 1282 1110 1350 ἀσκοῦσιν
1125 1304 1150 1343 ιο

95 1392 290 1476 ἠναντιώθη
314 1391 353 1456 τὰ
377 1389 413 1456 ἐκ
435 1400 493 1474 τῆς
515 1390 630 1476 τύχης,
656 1389 678 1473 ἡ
701 1390 790 1476 παρὰ
812 1400 880 1456 τῶν
904 1391 1035 1469 ζώντων
1057 1391 1111 1456 εὐ-

17 1502 192 1584 ισσελογία
214 1494 270 1564 καὶ
293 1500 404 1582 μνήμη
428 1494 522 1582 μέχρι
544 1498 701 1563 πλείστου
722 1500 951 1582 παραμείνασα
973 1500 1110 1582 χρόνον·

97 1602 195 1671 δκαὶ
221 1612 266 1691 τῷ
295 1600 394 1688 ἀνδρὶ
421 1601 536 1692 ἐκείνω
565 1601 698 1687 συνέβη.
744 1603 871 1688 οὐγὰρ
895 1607 1000 1688 μόνον
1026 1603 1146 1670 Οὐο-2

97 1717 234 1779 λοῦσκοι
263 1713 322 1776 τὸν
351 1710 503 1775 θάνατον
533 1708 723 1794 ἐπένθησαν
754 1709 858 1776 αὐτοῦ
886 1709 943 1776 καὶ
972 1712 1017 1788 ὡς
1046 1721 1112 1777 τῶν

97 1817 242 1905 ἀρίστων
261 1817 442 1899 γενόμενον
462 1813 498 1880 έν
517 1823 593 1900 τιμή
613 1817 758 1900 έχουσιν,
777 1814 861 1881 ἀλλὰ
879 1814 935 1882 καὶ
947 1816 1113 1903 Ῥωμαῖοι,
1128 1834 1154 1876 15

98 1923 212 2008 ἐπειδὴ
236 1925 273 1988 τὸ
297 1922 406 1999 πάθος
428 1920 596 2006 ἐγνώσθη,
618 1922 765 2007 μεγάλην
788 1925 966 2009 συμφορὰν
990 1924 1114 1991 ὑπολα-

98 2035 215 2117 βόντες
237 2026 324 2096 εἶναι
347 2039 405 2114 τῆς
427 2032 570 2113 πόλεως,
596 2027 723 2104 πένθος
746 2027 942 2112 ἐποιήσαντο
967 2031 1036 2117 ι’δίχι
1059 2029 1113 2096 καὶ

99 2139 256 2224 δημοσίᾳ·
279 2133 335 2202 καὶ
352 2134 432 2218 <αί>
453 2145 606 2218 γυναῖκες
629 2134 750 2219 αὐτῶν,
774 2135 795 2200 δ
817 2138 920 2219 νόμος
943 2133 1032 2200 ἐστὶν
1056 2135 1114 2201 αὐ-

99 2255 170 2321 ταῖς
194 2241 247 2309 ἐπὶ
270 2253 338 2319 τοῖς
362 2242 460 2318 ἰδίοις
482 2264 516 2306 τε
539 2238 594 2306 καὶ
617 2241 809 2324 ἀναγκαίοις
831 2252 940 2309 ποιεῖν
965 2243 1114 2326 κήδεσιν,

100 2348 306 2433 ἀποθέμεναι
333 2350 459 2434 χρυσόν
486 2371 520 2412 τε
548 2345 603 2413 καὶ
635 2349 813 2433 πορφύραν
840 2346 896 2413 καὶ
923 2350 982 2414 τὸν
1011 2349 1114 2414 ἀλλον
1128 2369 1154 2408 ιο

100 2457 228 2522 ἅπαντα
241 2457 367 2538 κόσμον
380 2452 519 2539 μέλασιν
533 2453 737 2538 ἀμφιασμοῖς
750 2455 917 2541 χρώμεναι
930 2456 990 2520 τὸν
1005 2452 1114 2520 ἐνιαύ-

102 2579 176 2628 σιον
199 2558 390 2646 ἐπένθησαν
408 2563 542 2646 χρόνον.
588 2558 671 2625 έτών
690 2556 728 2624 δέ
746 2561 827 2645 μετὰ
845 2563 882 2626 τὸ
901 2560 1011 2638 πάθος
1029 2562 1149 2645 ὁμοῦδ

101 2693 131 2734 τι
153 2671 380 2737 πεντακοσίων
406 2668 470 2752 ήδη
496 2668 739 2751 διαγεγονότων
762 2668 809 2744 είς
835 2667 934 2732 τόνδε
955 2669 1015 2733 τὸν
1037 2671 1114 2752 χρό-

101 2799 163 2841 νον
191 2775 232 2841 οὐ
259 2772 399 2859 γέγονεν
429 2772 574 2857 ἐξίτηλος
602 2773 624 2857 η
652 2782 712 2839 τοῦ
740 2771 863 2859 ἀνδρὸς
885 2775 1012 2858 μνήμη,
1039 2769 1111 2839 ἀλλ’

102 2879 216 2968 ᾄδεται
244 2879 299 2947 καὶ
322 2880 474 2966 ὑμνεῖται
496 2882 580 2964 πρὸς
602 2879 736 2946 πάντων
759 2880 804 2956 ώς
827 2879 965 2969 εὐσεβής
987 2877 1042 2945 καὶ
1066 2881 1114 2945 δί-
1128 2897 1155 2939 ιι

174 3080 190 3129 7
213 3071 323 3155 χρόνον
339 3072 409 3144 μετὰ
431 3071 483 3140 τήν
513 3072 678 3142 ἀπαλλαγήν
702 3071 766 3126 τινὰ
789 3080 844 3126 τῶν
869 3071 891 3126 O
918 3087 987 3126 corr.
1011 3070 1115 3125 Reiske

103 3144 173 3199 duee
192 3143 342 3214 Sylburgio
423 3139 656 3231 8ένδιαμένρυοι
675 3142 697 3197 Ο
718 3145 747 3196 οι
766 3142 866 3197 suidas
877 3138 1115 3231 έπιδιαμένουριν

103 3214 234 3272 &Cobet
253 3216 319 3271 Obs.
338 3235 365 3286 p.
382 3223 432 3272 166
462 3213 502 3271 ἔτι
525 3213 732 3304 διαμένουσιν
730 3213 777 3268 vel
800 3212 981 3283 διαμένουσιν
1005 3231 1027 3268 ο.
1053 3212 1117 3268 Sin-

103 3233 176 3342 timis
195 3287 255 3343 Em.
275 3286 356 3343 Dion.
375 3288 416 3342 III
438 3294 469 3341 16
526 3291 558 3340 15
578 3287 698 3355 ἀριστων
718 3283 813 3340 έναι
833 3284 1004 3354 Grasberger
1022 3285 1116 3340 Philo·

102 3357 184 3428 logus
204 3366 237 3414 28
257 3360 349 3427 (1669)
374 3377 401 3428 p
422 3365 473 3413 550
537 3363 569 3411 18
589 3306 621 3410 αἱ
639 3356 704 3411 add
723 3355 827 3410 Reiske
894 3360 926 3410 21
947 3357 1117 3427 ἀμφιεσμοῖς

102 3429 126 3483 Β
142 3433 146 3500 Ι
163 3429 249 3484 αδτδν
269 3428 412 3484 ἐνιαύσιον
431 3446 454 3484 c
474 3426 618 3496 Kiessling
