2424 3848
517 179 682 228 -H-

88 340 174 421 πρὸς
205 341 284 416 τοὺς
316 338 572 425 εἰσφερομένους
608 339 672 405 ὑπὸ
707 349 767 405 τοῦ
799 341 950 404 Κασσίου
983 341 1107 422 νόμους

90 446 307 524 διδάσκοντες
324 449 383 512 τὸν
403 448 521 530 δῆμον,
539 446 583 522 ὡς
602 446 663 510 οὐκ
681 452 731 530 εἰη
753 447 894 529 δίκαιον,
913 445 934 512 δ
954 447 1009 510 διὰ
1027 451 1107 512 πολ-

38 557 160 622 ῖειλῶν
184 551 341 635 ἐκτήσατο
360 552 525 636 πολέμων,
548 561 649 617 ταῦτα
670 553 714 636 μῆ
730 548 909 636 Ῥωμαίους
927 555 1106 635 νείμασθαι

90 663 227 745 μόνους,
251 658 334 724 ἀλλὰ
357 657 412 724 καί
435 662 601 735 Λατίνους
624 657 737 735 αὐτοῖς
760 661 943 742 ἰσομοιρεῖν
964 661 1043 736 τοὺς
1060 661 1106 743 μὴ

90 764 382 852 παραγενομένους
404 777 473 842 τοῖς
495 765 663 848 πολέμοις,
684 763 740 830 καί
761 768 840 842 τοὺς
862 763 982 829 νεωστὶ
1005 783 1106 850 προσ·
1134 794 1147 835 ι

89 875 253 947 ελθόντας
276 875 358 955 πρὸς
380 873 441 955 τῆν
463 875 580 957 φιλίαν
598 870 771 957 Ἕρνικας,
798 863 848 948 οἷς
870 870 1040 955 ἀγαπητὸν
1063 868 1106 955 ἦν

89 979 225 1067 πολέμῳ
252 985 472 1064 προσαχθεῖσι
499 982 536 1045 τὸ
564 980 608 1063 μή
636 981 697 1063 τήν
725 976 851 1044 ἑαυτῶν
880 977 1106 1064 ἀφαιρεθῆναι

89 1087 213 1172 χώραν.
260 1085 278 1151 ὁ
307 1081 343 1151 δὲ
372 1087 475 1170 δῆμος
502 1085 635 1150 ἀκούων
661 1081 735 1151 τοτὲ
759 1081 819 1169 μὲν
843 1097 912 1161 τοῖς
933 1095 1000 1149 τῶν
1024 1086 1140 1169 δημ-6

90 1192 204 1278 οίρχων
230 1196 446 1272 προσετίθετο
473 1195 586 1276 λόγοις
613 1190 880 1275 ἐνθυμούμενος,
908 1172 959 1256 ὅτι
987 1193 1106 1275 μικρόν

90 1323 123 1364 τι
145 1297 286 1364 καὶούκ
313 1297 406 1376 ἄξιον
428 1301 518 1363 ἔσται
539 1301 642 1381 λόγου
663 1300 700 1363 τὸ
723 1297 759 1363 ἐκ
782 1308 840 1381 τῆς
864 1299 1023 1380 δημοσίας
1045 1306 1106 1382 γῆς
1120 1325 1146 1365 ιο

91 1405 254 1490 ἐσόμενον
273 1403 398 1493 ἑκάστῳ
417 1405 527 1489 λάχος,
550 1406 581 1469 εἰ
600 1402 677 1488 μεθ’
698 1401 860 1487 Ἑρνίκων
878 1427 913 1468 τε
932 1401 987 1468 καί
1005 1406 1106 1468 Λατί-

90 1535 162 1577 νων
185 1511 289 1595 αὐτήν
312 1512 523 1595 νεμήσονται,
550 1508 624 1576 τοτὲ
648 1507 677 1575 δ’
705 1511 769 1576 ὑπὸ
792 1520 852 1576 τοῦ
876 1513 1027 1575 Κασσίου
1050 1532 1106 1594 με·

90 1621 261 1684 τεπείθετο
281 1619 569 1702 δημαγωγοῦντος,
588 1617 632 1694 ὡς
650 1619 881 1703 προδιδόντων
900 1616 1022 1694 αὐτοὺς
1037 1629 1106 1693 τοῖς

89 1729 277 1810 πατρικίοις
308 1736 375 1790 τῶν
407 1726 585 1809 δημάρχων
616 1722 671 1789 καί
698 1725 866 1809 πρόφασιν
894 1721 1104 1808 ποιουμένων

90 1842 148 1916 τῆς
171 1832 344 1906 κωλύσεως
367 1830 512 1913 εὐπρεπῆ
535 1831 597 1914 τήν
619 1828 781 1913 Ἑρνίκων
808 1854 842 1895 τε
872 1828 928 1894 καί
950 1833 1106 1894 Λατίνων
1121 1859 1146 1900 15

38 1940 295 2024 68κίσομοιρίαν,
317 1937 360 2019 ῆν
383 1936 482 2013 αὐτὸς
504 1938 567 2021 έφη
589 1939 682 2024 νόμω
700 1940 890 2021 περιλαβεῖν
910 1937 1022 2020 ἰσχύος
1040 1948 1107 2002 τῶν

90 2045 244 2127 πενήτων
276 2043 370 2107 ἕνεκα
402 2041 457 2106 καί
489 2049 523 2106 εί
550 2065 600 2119 τις
632 2042 851 2128 ἀφαιρεῖσθαί
879 2064 957 2108 ποτε
986 2041 1107 2119 αὐτοὺς

92 2149 231 2228 ἀξιώσαι
249 2151 289 2214 τίι
309 2149 453 2229 δοθέντα
472 2154 630 2231 κωλῦσαι,
648 2161 797 2233 κρεῖττον
816 2149 999 2232 ήγούμενος
1020 2143 1108 2213 εἶναι

91 2256 148 2325 καί
171 2254 416 2342 ἀσφαλέστερον
435 2267 504 2331 τοῖς
526 2260 661 2332 πολλοῖς
684 2257 784 2340 μικρὰ
805 2259 966 2339 λαβοῦσιν
984 2254 1107 2337 ὁμοίως

93 2367 182 2450 ἔχειν
205 2363 225 2447 ή
248 2363 355 2428 πολλὰ
378 2361 551 2426 ἐλπίσασιν
575 2359 729 2426 ἁπάντων
753 2361 939 2446 ἀποτυχεῖν.
1120 2392 1147 2431 νο

159 2469 293 2534 LXXII.
339 2469 476 2544 Τούτοις
499 2470 540 2551 δή
564 2480 634 2545 τοῖς
656 2471 768 2551 λύγοις
790 2476 850 2534 τοῦ
869 2470 1020 2533 Κασσίου
1043 2474 1107 2532 θα-

93 2579 173 2661 μινὰ
196 2578 452 2659 μεταπείθοντος
471 2572 508 2638 έν
526 2585 597 2650 ταῖς
618 2573 803 2657 ἐκκλησίαις
824 2575 883 2639 τὸν
902 2575 1002 2658 όχλον
1025 2597 1107 2659 παρ-

93 2684 205 2748 ελθὼν
228 2673 275 2758 εἷς
297 2692 364 2746 τῶν
389 2680 577 2765 δημάρχων,
600 2680 701 2756 Γύῖος
718 2677 918 2765 Ῥαβολήιος,
941 2679 1026 2765 ἀνὴρ
1046 2680 1107 2745 οὐκ

92 2790 223 2873 ἰίφρωυ,
245 2787 306 2868 τήν
324 2809 359 2850 τε
379 2788 591 2870 διχοστασίαν
610 2797 678 2851 τῶν
695 2785 831 2851 ὑπάτων
849 2783 1007 2872 ὑπέσχετο
1024 2788 1107 2851 παύ-

94 2912 166 2974 σειν
190 2892 251 2959 οὐκ
274 2894 321 2969 εἰς
344 2891 484 2977 μακροίν,
507 2891 629 2980 καὶτῷ
655 2893 749 2980 δήμφ
771 2895 922 2976 ποιήσειν
946 2896 1107 2978 φανερόν,
1120 2921 1146 2961 ω

94 3000 113 3066 ὅ
136 3023 167 3079 τι
189 3000 251 3086 χρῆ
275 3011 393 3065 ποιεῖν.
440 2997 655 3083 ἐπισημασίας
679 2994 716 3063 δὲ
739 2997 920 3082 γενομένης
939 2999 1027 3086 αὐτῷ
1051 3023 1107 3084 με-

93 3107 196 3191 γάλης
223 3103 278 3170 καί
306 3107 385 3189 μετὰ
406 3115 510 3188 Ιτοῦτο
539 3114 677 3189 σιωπῆς·
709 3102 794 3189 Οὐχὶ
820 3099 925 3189 ταῦτ’,
948 3100 1106 3189 εἷπευ,ὦ

165 3303 181 3350 3
201 3295 340 3368 πολέμων]
361 3297 457 3352 πόνων
476 3313 500 3351 c.
520 3296 608 3352 Cobet
628 3296 693 3351 Obs.
713 3314 744 3378 P:
757 3301 812 3378 169Ι
894 3297 1037 3388 mma]
1056 3299 1108 3352 αύ-

93 3378 148 3424 τῶν
168 3386 190 3423 c.
206 3371 306 3424 Portus
380 3376 413 3424 16
432 3369 648 3441 συμπεριλαβεῖν
668 3385 691 3423 c.
710 3367 854 3438 Klesshng
913 3375 946 3423 18
965 3372 1108 3432 κωλυσεως

92 3440 139 3494 Ba,
157 3444 279 3494 κωλύσαι
299 3441 373 3494 ABb
447 3446 480 3493 19
500 3439 613 3511 ὁμοίως]
633 3438 705 3509 ὅμως
723 3439 769 3494 vel
788 3441 906 3512 βεβαίως
925 3457 948 3493 0.
964 3439 1066 3496 Reiske
