2424 3848
539 161 700 209 -ι-
1082 157 1122 220 ει

114 319 148 386 δὲ
168 320 292 402 στάσις,
314 317 370 384 καὶ
387 320 629 405 θεραπεύοντες
647 315 708 403 μὲν
727 321 786 386 τὸν
806 321 912 403 δῆμον
931 318 967 384 ἐν
986 319 1125 407 ὁμονοίᾳ

113 429 387 510 πολιτευσόμεθα,
400 426 609 502 κωλύσαντες
623 423 652 490 δ’
667 425 726 503 οὓς
739 427 919 510 βούλονται
933 437 999 490 τῶν
1012 446 1126 512 πατρι-

112 539 194 598 κίων
217 532 436 619 ἀνδρηλατεῖν
460 531 480 616 ἢ
503 545 694 618 μιαιφονεῖν
717 535 764 611 είς
793 535 939 617 πόλεμον
962 531 1125 618 ἐμφύλιον

112 641 395 724 καταστησόμεθα,
420 640 527 704 πολλὰ
551 637 659 722 λέγειν
683 640 767 723 έχων
791 637 916 722 ὀλίγοις
937 640 1025 704 πάνυ
1048 643 1126 725 χρη-

46 754 222 831 ὲὸῖσομαι.
267 756 399 831 πρῶτον
431 741 491 829 μὲν
524 740 586 810 οὖν
619 744 791 828 θαυμάσαι
823 746 886 830 ἔχω
915 742 1039 810 Δέκιον
1071 724 1167 837 της2ὅ

113 856 295 938 εἰρωνείας·
323 851 364 917 ού
391 852 454 937 γὰρ
481 852 691 935 ἠλιθιότητός
719 871 770 934 γε·
798 853 829 916 εί
852 864 1001 936 κρεῖττον
1025 858 1127 918 οίεται

113 961 149 1024 τδι
168 955 382 1043 συμφέροντα
400 967 445 1045 τῷ
464 966 566 1045 κοινῷ
585 969 725 1044 φρονεῖν
746 955 876 1041 ἑαυτόν,
899 957 935 1035 ὃς
953 961 1027 1045 ἄρτι
1044 981 1127 1043 παρρ

114 1066 279 1148 εληλυθεν
297 1065 344 1141 είς
361 1065 530 1141 πολιτικδις
547 1063 690 1150 πράξεις,
708 1063 802 1148 ἡμῶν
821 1076 887 1129 τῶν
907 1088 1127 1151 καταγεγηρα-

114 1175 221 1238 κότων
249 1169 287 1236 ἐν
313 1170 429 1247 αὐταῖς
455 1172 509 1236 καί
532 1170 678 1254 μεγάλην
702 1169 737 1235 ἐκ
760 1179 878 1256 μικρᾶς
900 1173 1127 1254 πεποιηκότων

114 1279 172 1363 την
195 1280 306 1344 πόλιν.
346 1275 443 1342 ἔπειτ’
471 1279 503 1342 εί
527 1280 655 1342 πείσειν
678 1274 842 1361 ὑπέλαβεν
869 1276 970 1361 ὑμᾶς,
998 1277 1042 1354 ὡς
1063 1278 1126 1362 χρὴ
1142 1292 1168 1344 1.⁰

114 1385 327 1471 παραδοῦναί
345 1407 420 1448 τινα
442 1384 580 1449 ἔκδοτον
604 1381 657 1448 ἐπὶ
675 1387 816 1471 τιμωρία
834 1395 903 1461 τοῖς
921 1383 1056 1470 ἐχθροῖς
1074 1382 1129 1449 καὶ

114 1501 214 1557 ταῦτα
247 1492 387 1574 πολίτην
413 1489 574 1577 ὑμέτερον
601 1487 655 1554 καλ
690 1487 766 1574 οὐχὶ
795 1501 861 1556 τῶν
889 1489 1027 1575 ἀφανῶν
1054 1514 1128 1555 τινα

116 1597 286 1676 [πολιτῶν]
317 1594 338 1678 ἧ
364 1596 518 1680 φαύλων,
550 1593 623 1661 ἀλλ’
650 1595 690 1660 ὃν
718 1593 811 1660 αὐτοὶ
839 1593 895 1660 καὶ
921 1597 961 1661 τδι
988 1593 1129 1680 πολέμια
1186 1675 1190 1682 .

114 1704 345 1787 λαμπρότατον
359 1699 495 1784 ἡγεῖσθε
514 1696 668 1766 εἶναικαὶ
687 1702 745 1767 τὸν
759 1704 835 1785 βίον
855 1700 1128 1788 σωφρονέστατον

114 1809 152 1874 τοί
175 1831 211 1873 τε
241 1807 393 1872 πολιτικδι
419 1805 573 1890 πράττειν
601 1806 744 1883 οὐθενὸς
772 1810 916 1892 χείρονα.
956 1806 1011 1873 καλ
1033 1786 1168 1900 ταῦτ’ξ)5

115 1914 296 1998 ἐτόλμησεν
323 1913 428 1977 είπεῖν
453 1912 550 1989 είδὼς
575 1912 662 1997 ὑμᾶς
688 1917 845 1996 πλείστην
869 1916 951 1979 αἰδῶ
974 1914 1129 1997 ποιουμέ-

114 2044 196 2097 νους
226 2019 358 2102 ίκετῶν,
385 2016 441 2083 καὶ
470 2015 553 2102 μηδὲ
575 2022 742 2103 πολεμίων
765 2022 843 2096 τοὺς
865 2021 1130 2105 καταφεύγοντας

116 2126 240 2192 ἐνθάδε
263 2125 383 2207 ταύτης
405 2124 640 2202 ἀποκλείοντας
661 2135 718 2209 της
740 2131 1002 2211 φιλανθρωπίας.
1040 2129 1071 2192 εί
1092 2125 1129 2192 δὲ

114 2232 274 2298 τάναντία
305 2230 390 2315 ημᾶς
421 2230 619 2314 ἐγίγνωσκες
650 2231 921 2316 ἐπιτηδεύοντας,
959 2229 986 2299 ὦ
1018 2232 1129 2318 Δέκιε,

114 2338 235 2406 ἀνόσια
263 2333 324 2421 μὲν
351 2347 560 2423 φρονοῦντας
585 2336 661 2424 περὶ
688 2339 806 2423 θεούς,
840 2341 938 2405 ἄδικα
966 2337 1003 2405 δὲ
1029 2342 1130 2425 πράτ-
1143 2357 1170 2397 2⁰

114 2468 233 2521 τοντας
254 2445 337 2530 πρὸς
360 2442 576 2529 ἀνθρώπους,
604 2448 639 2510 τί
658 2443 700 2509 δν
723 2444 804 2528 ἡμῖν
827 2447 946 2511 τούτου
970 2449 1130 2531 συνεβού-

115 2558 210 2627 λευες
239 2551 338 2633 ἔργον
365 2550 543 2633 ὑπομεῖναι
571 2552 777 2634 δεινότερον,
807 2548 864 2637 ἀφ’
892 2548 933 2617 οὗ
960 2556 1130 2638 πρόρριζοι

46 2656 171 2724 1433καλ
188 2657 363 2740 πανώλεις,
382 2654 579 2740 μισηθέντες
595 2663 689 2733 θεοῖς
706 2680 741 2722 τε
759 2656 814 2722 καὶ
833 2657 1036 2744 ἀνθρώποις,
1059 2659 1130 2722 δια-

114 2765 376 2851 φθαρησόμεθα;
397 2763 438 2829 οὐ
457 2762 603 2847 δεόμεθά
621 2779 683 2829 σου
703 2765 907 2848 συμβούλου,
926 2761 1038 2848 Δέκιε,
1054 2764 1166 2829 ούτε4

114 2869 191 2956 περὶ
214 2874 359 2934 πολιτῶν
383 2867 544 2945 ἐκδόσεως
571 2869 647 2935 οὔτε
670 2868 745 2953 περὶ
768 2872 872 2935 ἄλλον
894 2870 1059 2955 χρήματος
1082 2864 1130 2935 ὧν
1144 2887 1171 2927 2⁵

114 2977 196 3062 ἡμῖν
223 2973 387 3061 πρακτέον
415 2973 565 3052 οὐδενός·
599 2971 679 3041 οὐδὲ
710 2975 828 3064 ὀθνείᾳ
855 2979 1017 3062 φρονήσει
1044 2974 1130 3042 νέων

114 3083 252 3168 ἀνδρῶν
274 3082 314 3146 τὰ
337 3082 441 3146 οἰκεῖα
465 3080 677 3168 συμφέροντα
698 3085 824 3163 κρίνειν
843 3084 984 3166 οίόμεθα
1003 3085 1074 3148 δεῖν
1098 3085 1134 3149 οί

189 3271 436 3328 ἳπολιτεύσονται
450 3274 500 3327 ΑΒ
554 3275 721 3336 θαύτοῖςΒ
777 3280 809 3327 12
828 3271 999 3344 ύμετερονΟ
1018 3278 1131 3344 praeter

115 3345 139 3399 B
214 3350 247 3397 13
271 3344 420 3398 *πολιτῶν
443 3343 522 3401 uncis
546 3343 649 3399 seclusi
722 3349 756 3398 λθ
778 3343 844 3414 περὶ
866 3348 943 3400 θεῶν
966 3363 989 3400 ο.
1009 3345 1131 3415 Sylburg

116 3422 151 3471 21
171 3418 202 3470 τί
217 3414 254 3469 διν
273 3414 339 3469 ἄλλο
359 3431 381 3468 ο.
400 3413 503 3469 Roiske
575 3421 609 3470 25
628 3418 778 3469 πολιτικῶν
797 3417 821 3470 Α
837 3418 841 3486 Ι
858 3410 993 3480 ἐνδόσεως
1011 3417 1083 3472 Prou
1102 3419 1133 3485 (λ)

170 3515 270 3556 mom.
285 3515 348 3554 Ηετ.
358 3515 402 3554 m.
430 3523 468 3554 nn.
482 3515 583 3556 δεσυντ,
955 3513 970 3561 6
