2424 3848
425 242 429 250 .
541 165 707 214 -H-

116 324 182 403 ξειε
214 321 328 409 μηκέτι
359 327 537 411 προίεσθαι
569 325 627 403 τὰς
658 336 832 411 γυναῖκας,
864 324 1004 413 ἀμαχητὶ
1037 339 1132 414 σφῶν

110 429 308 497 -διλώσεσθαι
326 433 388 517 την
406 434 519 498 πόλιν·
538 429 654 514 ἠξίουν
672 428 701 497 τ’
719 431 820 510 αύτδις
838 435 944 518 μόνον
963 431 1057 499 ἐᾶσαι
1075 435 1133 512 τάς

46 539 349 626 ιθοεπροσηκούσας
377 547 422 627 τῷ
450 541 594 628 Μαρκίφ
627 549 786 622 γυναῖκας
816 540 883 624 ἅμα
910 550 979 617 τοῖς
1006 537 1133 618 τέκνοις

115 643 469 731 αὐτοῦπορευομένας.
507 643 613 730 ἕτεροι
633 641 662 708 δ’
686 641 766 711 ούδέ
784 645 918 723 ταύταις
933 644 1040 735 ᾤοντο
1059 649 1131 713 δεῖν

116 749 304 837 ἐπιτρέπειν
326 753 388 836 τὴν
410 750 546 835 &zoam
567 750 727 836 ἐπιμελῶς
749 747 787 816 δὲ
808 748 864 816 καί
886 752 1006 831 ταύτας
1027 752 1132 842 παρῄ-
1160 774 1173 814 ε

114 883 203 926 νουν
232 858 427 944 φυλάττειν,
459 859 566 944 ὅμηρα
598 860 798 942 νομίσαντας
829 860 917 944 ἐχειν
945 861 1034 944 παρά
1065 872 1132 926 τῶν

116 968 287 1050 πολεμίων
309 962 448 1049 ἐχέγγυα
470 974 531 1031 τοῦ
550 961 655 1049 μηδὲν
672 966 733 1049 τὴν
750 967 849 1030 πόλιν
872 962 1054 1049 ἀνήκεστον
1073 963 1128 1031 ὑπ’

118 1071 230 1138 αὐτῶν
241 1076 375 1136 παθεῖν.
413 1072 449 1137 οί
465 1067 502 1137 δέ
520 1070 639 1149 πάσαις
658 1071 904 1154 συνεβούλευον
923 1075 1168 1158 συγχωρῆσαιῖ)

118 1189 190 1255 ταῖς
212 1174 432 1263 βουλομέναις
453 1175 584 1262 γυναιξί
606 1179 667 1262 τὴν
689 1175 818 1261 ἐξοδον,
843 1178 899 1243 ἵνα
923 1179 986 1242 σύν
1008 1181 1133 1263 μείζονι

120 1283 279 1369 ἀξιώματι
308 1284 346 1349 αί
365 1294 410 1372 τῷ
431 1287 574 1375 Μαρκίῳ
597 1286 825 1371 προσήκουσαι
847 1286 1050 1368 ποιήσωνται
1072 1284 1133 1367 την
1148 1305 1174 1344 ιο

120 1388 203 1477 ὑπὲρ
226 1399 285 1476 της
306 1394 464 1477 πατρίδος
488 1389 611 1476 δέησιν.
656 1400 716 1457 τοῦ
738 1387 775 1456 δὲ
793 1387 902 1477 μηθέν
920 1389 1040 1468 αὐταῖς
1053 1406 1134 1475 συμ-

121 1499 285 1582 βήσεσθαι
309 1498 421 1563 δεινὸν
445 1497 604 1582 ἐγγυητὰς
626 1495 812 1583 ἀπέφαινον
835 1494 1013 1582 ἐσομένους
1032 1499 1134 1574 θεοὺς

121 1600 183 1688 μὲν
201 1612 354 1688 πρῶτον,’
364 1594 414 1680 οἷς
431 1610 693 1670 καθοσιωθεῖσαι
710 1604 767 1681 τάς
786 1603 907 1682 ίκεσίας
923 1605 1134 1688 ποιήσονται·

121 1711 232 1774 ἔπειτα
254 1710 314 1775 τὸν
337 1710 444 1795 άνδρα
467 1709 581 1794 αὐτόν,
597 1706 686 1798 ’πρὸς
706 1709 746 1775 δν
764 1707 902 1795 ἔμελλον
920 1711 1134 1797 πορεύεσθαι,

120 1815 228 1900 πάσης
259 1814 377 1881 ἀδίκου
410 1839 444 1882 τε
477 1814 532 1882 καὶ
562 1815 700 1882 ἀνοσίου
727 1816 876 1904 πράξεως
901 1814 1052 1903 καθαρὸν
1080 1799 1175 1912 καὶξδὕ

119 1921 282 2007 ἀμίαντον
305 1916 465 2008 ἐσχηκότα
485 1925 544 1989 τὸν
563 1925 648 2007 βίον.
697 1920 790 1988 ἐνίκα
809 1920 839 1989 δ’
861 1922 950 2008 ὅμως
967 1923 988 2008 ἡ
1008 1939 1136 2007 συγχω-

122 2039 228 2116 ροῦσα
255 2030 369 2114 γνώμη
397 2040 469 2107 ταῖς
496 2026 627 2113 γυναιξί
654 2031 716 2114 τὴν
743 2027 861 2109 ἐξοδον
887 2034 1043 2115 μέγιστον
1075 2029 1136 2113 άμ-

121 2145 203 2220 φοίν
226 2133 390 2220 ἐγκώμιον
413 2139 545 2222 ἔχουσα,
567 2145 626 2221 της
649 2132 710 2221 μὲν
732 2141 857 2222 βουλῆς
874 2145 934 2203 τοῦ
956 2138 1136 2223 φρονίμου,

122 2241 172 2307 ότι
199 2242 241 2308 τά
267 2243 423 2328 κράτιστα
451 2239 509 2308 καί
528 2241 734 2328 γενησόμενα
755 2245 927 2329 προείδετο
947 2239 1048 2309 οὐδὲν
1070 2242 1135 2308 ὑπὸ

50 2357 183 2416 ιεοιτοῦ
205 2349 368 2415 κινδύνου
391 2350 566 2433 τηλικοῦδε
596 2351 693 2426 ὄντος
715 2348 983 2436 ἐπιταραχθείσα·
1011 2359 1071 2415 τοῦ
1099 2345 1177 2414 δὲιο

121 2457 280 2548 Μαρκίου
307 2463 365 2538 τῆς
391 2454 573 2539 εὐσεβείας,
606 2455 657 2520 ότι
685 2453 842 2540 πολέμιος
870 2456 917 2520 ὢν
950 2454 1135 2523 ἐπιστεύετο

123 2558 228 2646 μηδὲν
248 2560 424 2645 ἀσεβησειν
442 2561 489 2637 είς
506 2563 543 2626 τὸ
562 2559 806 2628 ἀσθενέστατον
819 2570 877 2647 τῆς
893 2563 1020 2639 πόλεως
1038 2560 1138 2646 μέρος

123 2668 237 2755 κύριος
259 2667 363 2733 αὐτοῦ
385 2667 554 2744 καταστάς.
601 2668 645 2745 ὡς
668 2664 706 2733 δέ
728 2670 765 2733 τὸ
788 2668 1023 2753 προβούλευμα
1041 2667 1171 2752 έγρά-’ῖ

123 2798 182 2859 φη,
211 2777 434 2861 προελθόντες
463 2773 498 2839 οί
524 2773 643 2840 ύπατοι
672 2775 720 2852 είς
741 2775 802 2858 τὴν
825 2772 951 2859 ἀγορὰν
973 2771 1028 2839 καὶ
1059 2789 1137 2840 συν-

124 2883 305 2965 αγαγόντες
337 2877 513 2964 ἐκκλησίαν
540 2883 680 2958 σκότους
709 2883 805 2957 ὄντος
831 2881 895 2964 ἤδη
926 2880 966 2944 τδι
996 2878 1138 2958 δόξαντα
1152 2905 1178 2947 εε

124 2995 169 3076 τῷ
193 2987 359 3074 συνεδρίῳ
383 2986 589 3072 διεσάφησαν
611 2985 667 3053 καὶ
694 2997 854 3073 προεῖπον
876 2987 970 3070 ἥκειν
993 2987 1138 3063 ἀπαντας

196 3220 212 3269 9
233 3213 301 3286 (ἵνα
320 3214 371 3268 σὺν
391 3215 496 3283 μείζονι
515 3213 673 3288 ἀξιω>ματι
691 3215 714 3267 Β
802 3222 835 3270 16
854 3208 1003 3286 ἐσχηκότα]
1023 3209 1138 3283 ἐζηκότα

120 3301 150 3341 τ.
171 3284 264 3339 Cobet·
278 3284 343 3339 Obs.
362 3304 389 3354 p.
407 3291 465 3353 164,
486 3285 535 3338 sed
554 3284 588 3339 cf.
608 3287 708 3355 154‚1
728 3286 808 3356 (187,
824 3287 858 3355 2),
877 3285 917 3340 XI
931 3289 964 3339 59
1045 3293 1076 3339 19
1097 3283 1139 3339 ότι

126 3355 162 3409 τδι
181 3353 315 3424 κράτιστα
333 3357 382 3410 καί
400 3357 573 3426 γενησόμενα
587 3357 613 3410 Α
631 3356 674 3411 ὅτι
692 3377 734 3428 κρ.
754 3356 803 3412 καὶ
820 3377 845 3426 γ.
860 3357 882 3410 Β
902 3355 951 3410 καί
970 3356 1024 3412 del.
1044 3358 1140 3410 oenset

116 3426 271 3496 Gelenius,
291 3425 333 3481 ότι
351 3448 394 3498 κρ.
413 3426 449 3481 τὰ
467 3447 524 3496 γεν.
544 3445 567 3483 c.
587 3427 710 3483 Sintenis
728 3429 789 3484 Em.
808 3428 889 3483 Dion.
908 3427 947 3481 ΠΙ
963 3435 995 3482 16
