2424 3848
533 128 700 177 -H-

108 287 219 370 αὐτοί,
240 288 281 352 τὰ
304 284 334 351 δ’
357 284 410 351 έπλ
432 297 500 353 τῶν
522 286 711 370 ὑποζυγίων
733 288 840 352 πολὺν
862 285 1129 372 ἠναγκάσθησαν

110 396 282 479 διατρῖψαι
299 395 432 479 χρόνον.

174 499 299 566 XVHI.
324 496 360 562 Ὁ
384 497 422 564 δὲ
445 502 636 586 στρατηγός,
659 498 772 584 ἐπειδὴ
795 499 836 564 τά
858 499 993 584 σώματα
1010 495 1130 565 καὶτὰ

109 608 258 693 χρήματα
279 605 387 671 πάντα
410 605 651 691 ἐξεκεκόμιστο,
676 607 737 690 τὴν
759 608 858 671 πόλιν
880 606 1005 690 ἔρημον
1028 628 1132 670 κατα-

82 713 216 778 τλιπῶν
239 711 344 797 ἀπῆγε
367 714 428 797 τὴν
452 704 597 797 δύναμιν
620 709 673 779 έπλ
695 716 817 778 Βῶλαν
835 711 1037 797 <Λατίνων>
1060 708 1132 778 έπέ-

110 844 174 905 ραν
200 822 308 885 πόλιν.
353 820 471 904 έτυχον
499 814 536 883 δέ
561 816 618 884 καὶ
646 818 681 885 οἱ
700 817 854 884 Βωλανοὶ
880 820 1132 903 προεγνωκότες

110 927 213 992 αὐτοῦ
236 926 297 1009 τὴν
320 927 446 1011 ἔφοδον
467 922 524 990 καὶ
541 924 844 1013 παρεσκευασμένοι
861 925 969 990 πάντα
985 924 1027 988 τά
1044 925 1196 1010 πρὸςιελο

109 1034 168 1098 τὸν
191 1031 304 1116 άγῶνα
328 1032 504 1117 ἐπιτήδεια.
541 1032 559 1098 ὁ
583 1028 644 1117 μὲν
668 1027 730 1098 οὖν
748 1031 903 1117 Μάρκιος
924 1031 970 1108 ὡς
992 1029 1026 1108 έξ
1050 1029 1132 1117 έφό·

111 1141 174 1205 δου
196 1140 258 1223 τὴν
280 1142 379 1205 πόλιν
403 1139 551 1224 αἱρήσων
573 1138 656 1204 κατὰ
678 1139 785 1204 πολλὰ
807 1135 890 1224 μέρη
913 1145 975 1202 τοῦ
996 1139 1131 1222 τείχους

70 1265 97 1304 1⁰
111 1245 253 1312 ἐποιεῖτο
276 1247 334 1323 τάς
355 1245 556 1330 προσβολάς·
588 1246 623 1311 οί
643 1241 681 1310 δὲ
702 1241 858 1311 Βωλανοὶ
879 1246 1132 1330 περιμείναντες

110 1353 228 1437 καιρὸν
252 1349 440 1435 ἐπιτήδειον
463 1349 636 1433 ἀνοίγουσι
658 1352 717 1428 τάς
734 1352 852 1437 πύλας,
873 1347 930 1416 καὶ
947 1353 1131 1436 φερόμενοι

110 1459 193 1523 κατδι
220 1461 350 1540 πλῆθος
373 1455 410 1521 ἐν
432 1455 521 1535 τάξει
542 1480 578 1521 τε
600 1454 656 1522 καὶ
676 1459 790 1546 κόσμῳ
813 1457 1036 1544 συρράττουσι
1058 1467 1132 1535 τοίς

111 1564 194 1629 κατὰ
217 1560 384 1646 μέτωπον,
411 1559 467 1627 καὶ
489 1566 633 1640 πολλοὺς
655 1563 766 1630 αὐτῶν
789 1563 1055 1648 ἀποκτείναντες,
1082 1565 1131 1629 ἔτι

112 1665 150 1734 δὲ
168 1672 302 1744 πλείους
319 1675 679 1753 κατατραυματίσαντες
694 1669 773 1747 τούς
785 1691 820 1735 τε
834 1672 971 1747 λοιποὺς
984 1671 1132 1756 αἰσχρῶς

71 1744 355 1859 Ξάναγκάσαντες
384 1786 504 1857 φυγεῖν
534 1773 740 1861 ἀνέστρεψαν
769 1777 816 1853 είς
840 1775 903 1859 τὴν
929 1778 1039 1841 πόλιν.
1086 1777 1132 1854 ὡς

112 1878 143 1945 δ’
166 1882 251 1963 ἔγνω
275 1881 336 1964 τὴν
358 1880 484 1965 τροπὴν
507 1891 574 1946 τῶν
599 1879 822 1947 Οὐολούσκων
845 1881 864 1947 ὁ
886 1882 1053 1968 Μάρκιος·
1089 1882 1131 1948 οὐ

111 1987 175 2072 γὰρ
200 1989 292 2069 ἔτυχε
315 1986 431 2071 παρὼν
455 1985 491 2051 έν
519 1979 545 2075 ᾧ
568 1990 679 2076 χωρίῳ
702 1989 739 2052 τὸ
762 1986 871 2064 πάθος
892 1984 1036 2070 ἐγένετο·
1068 2010 1132 2054 πα-

112 2103 175 2176 ρῆν
199 2095 262 2158 σὺν
286 2092 411 2176 ὀλίγοις
433 2094 515 2158 κατά
539 2095 690 2179 σπουδὴν
707 2091 763 2159 καὶ
781 2096 860 2171 τοὺς
877 2093 913 2160 έκ
930 2102 988 2178 τῆς
1005 2104 1132 2180 τροπῆς

113 2197 356 2276 σκεδασθέντας
388 2198 565 2283 ἀναλαβὼν
597 2203 772 2265 συνίστατο
799 2198 855 2265 καὶ
881 2199 1132 2286 παρεθάρρυνε,

72 2331 100 2371 εο
112 2303 169 2371 καὶ
188 2304 300 2388 ἐπειδὴ
316 2303 514 2389 κατέστησεν
527 2308 578 2398 είς,
588 2305 703 2388 τάξεις,
722 2304 909 2391 ὑποδείξας,
927 2305 949 2371 ἃ
963 2307 1017 2371 δεῖ
1026 2309 1133 2393 πράτ-

112 2435 199 2496 τειν,
227 2409 376 2477 ἐκέλευσε
402 2412 625 2497 προσβάλλειν
652 2420 695 2496 τῇ
718 2415 813 2478 πόλει
839 2413 922 2477 κατὰ
947 2412 1006 2490 τὰς
1027 2412 1134 2492 αὐτάς

79 2519 229 2596 3πύλας.
274 2516 491 2603 χρησαμένων
519 2513 556 2583 δὲ
578 2518 678 2585 πάλιν
701 2529 768 2583 τῶν
790 2521 960 2584 Βωλανῶν
981 2527 1021 2604 τῇ
1045 2519 1134 2606 αὐτῇ

113 2629 212 2713 πείρα
240 2623 399 2691 καὶκατὰ
422 2629 551 2707 πλῆθος
574 2623 807 2709 ἐκδραμόντων
830 2624 871 2690 οὐ
894 2623 1048 2710 δέχονται
1073 2626 1136 2692 αὐ-

113 2737 192 2813 τοὺς
221 2733 257 2799 οί
279 2731 503 2815 Οὐολοῦσκοι,
535 2728 607 2796 ἀλλ’
638 2729 844 2814 ἐγκλίναντες
874 2733 1017 2817 ἔφευγον
1047 2733 1135 2799 κατὰ

187 2966 201 3014 1
221 2958 317 3022 πόλεις
335 2975 388 3015 om.
407 2958 433 3012 A
489 2965 506 3012 4
525 2953 683 3028 έξειιόμιοτο
702 2957 781 3013 ABG
836 2962 852 3012 δ
871 2961 1010 3013 Βωλανῶν
1029 2951 1134 3030 ἕτέραν

116 3033 139 3087 0
158 3048 226 3086 corr.
247 3029 371 3085 Sintenis
389 3029 449 3084 Em.
469 3029 549 3084 Dion.
567 3029 641 3086 1129
660 3031 813 3099 praeeunte
832 3028 947 3084 Reiskio
1003 3034 1018 3082 ’ί
1038 3049 1136 3101 παρα-

115 3100 300 3173 σκευαομένοι
313 3102 339 3154 Α
356 3098 659 3174 παρ<εο>κεοασμένοι
678 3101 700 3154 Β
773 3106 807 3154 14
825 3100 938 3162 πλείους
955 3099 1064 3156 τούτων
1082 3121 1135 3156 κα·

114 3175 385 3243 τατραυματίοαντες
404 3173 427 3227 0
446 3171 598 3242 praeterB
659 3175 692 3226 17
711 3172 801 3243 χωρίῳ
820 3171 927 3225 add.B
984 3178 1017 3227 19
1036 3171 1053 3205 *
1068 3190 1137 3227 συν-

116 3245 226 3297 ίσταται
244 3244 293 3298 καλ
306 3245 329 3297 Β
345 3245 459 3298 συνίοτα
473 3242 502 3298 τὲ
517 3243 566 3297 καὶ
579 3243 605 3296 R
618 3242 765 3297 συνίστατο
780 3241 828 3295 καὶ
842 3258 895 3312 ego
910 3241 945 3298 cf.
954 3242 1001 3300 W.
1016 3241 1137 3297 Schmid

116 3313 282 3369 Atticismus
308 3318 375 3370 tom.
398 3315 425 3368 11
447 3333 475 3384 p.
500 3321 535 3369 26
561 3315 619 3369 not.
643 3319 677 3368 47
759 3319 794 3368 24
822 3310 851 3367 οἱ
872 3312 937 3368 αδδ.
960 3313 985 3367 Β
1011 3318 1015 3385 Ι
1043 3309 1138 3370 ἐκκλί-

115 3404 216 3448 ναντες
232 3387 258 3439 A

221 3608 324 3656 Α
400 3566 402 3570 ,
