2424 3848
110 183 178 247 264
533 183 700 233 -H-

111 348 170 411 τὸν
194 346 285 427 ἱερὸν
309 343 410 430 ὅρκον
433 344 606 426 ὤμνυσαν,
634 339 688 406 καὶ
716 342 781 407 ὐπὸ
804 342 863 418 τάς
886 345 1027 426 σημαίας
1049 366 1129 409 κατ-

111 449 307 536 εγράφοντο.
357 446 428 515 ἐπεὶ
459 445 495 514 δὲ
528 450 565 514 τὸ
598 444 728 525 ἐλλιπὲς
758 458 825 513 τῶν
856 451 964 534 λόχων
991 447 1129 534 ἐξεπλη-

112 559 219 643 ρώθη,
243 557 506 642 διεκληρώσαντο
529 555 587 631 τάς
608 553 785 639 ἡγεμονίας
806 566 874 620 τῶν
894 553 1130 639 στρατοπέδων

112 665 148 728 οί
167 663 299 728 ύπατοι·
322 659 378 727 καὶ
401 662 418 728 ὁ
442 657 504 746 μέν
528 661 656 744 Φάβιος
677 662 739 744 τὴν
758 659 810 726 ἐπὶ
833 671 872 746 τῇ
896 665 1038 750 βοηθείᾳ
1058 673 1129 747 τῶν

85 769 294 855 οσυμμάχων
317 767 558 833 ἀποσταλεῖσαν
582 767 726 850 δύναμιν
748 766 1016 851 παρελάμβανεν,
1046 768 1064 834 δ
1091 764 1130 833 δὲ

115 873 296 962 Οὐαλέριος
313 876 375 959 την
394 872 430 939 ἐν
446 873 672 950 Οὐολούσκοις
692 874 1018 959 στρατοπεδεύουσαν
1035 875 1130 958 ἀγων

79 986 191 1059 2τοὺς
217 978 337 1048 νεωστὶ
362 979 639 1064 καταγραφέντας.
685 987 833 1064 μαθοῦσι
857 977 895 1045 δὲ
917 981 979 1064 τὴν
1000 1002 1129 1067 παρου-

114 1092 191 1154 σίαν
213 1088 317 1153 αὐτοῦ
344 1097 413 1164 τοίς
438 1088 609 1169 πολεμίοις
639 1085 746 1152 έδόκει
770 1087 926 1170 στρατιάν
948 1085 984 1152 θ’
1013 1085 1130 1173 ἑτέραν

115 1191 384 1278 μεταπέμπεσθαι
397 1191 453 1258 καὶ
468 1192 504 1258 ἐν
519 1191 721 1281 ἰσχυροτέρῳ
740 1194 777 1258 τὸ
795 1195 1018 1279 στρατόπεδον
1032 1197 1129 1278 ποιη-

75 1324 102 1364 10
117 1307 241 1365 σασθαι
268 1304 378 1389 χωρίῳ
406 1297 461 1364 καὶ
489 1293 594 1383 μηδὲν
622 1298 658 1364 ἐκ
684 1307 744 1364 τοῦ
773 1312 995 1384 καταφρονεῖν
1018 1300 1131 1366 αὐτῶν

115 1409 163 1472 ἔτι
186 1402 344 1491 προπετὲς
365 1406 571 1489 κινδύνευμα
594 1405 639 1482 ὡς
655 1408 818 1491 πρότερον
836 1403 1022 1490 ὑπομένειν.
1059 1405 1133 1491 ἐγε-

115 1517 206 1597 γόνει
233 1521 336 1577 ταῦτα
364 1512 419 1576 διὰ
446 1509 588 1597 ταχέων,
615 1510 814 1596 ἀμφοτέροις
835 1535 871 1576 τε
893 1510 1037 1597 παρέστη
1060 1525 1133 1591 τοῖς

115 1619 253 1703 ηγεμόσι
271 1628 338 1683 τῶν
358 1618 534 1701 δυνάμεων
553 1618 650 1702 ὁμοία
668 1615 820 1704 περὶτοῦ
838 1616 984 1703 πολέμου
1002 1621 1133 1705 γνώμη,

116 1726 155 1788 τά
185 1722 312 1789 ἑαυτῶν
338 1723 518 1808 φυλάττειν
545 1723 705 1808 ἐρύματα,
729 1722 787 1789 έάν
809 1748 859 1801 τις
882 1724 972 1812 ἐπίη,
998 1738 1069 1802 τοῖς
1094 1723 1132 1792 δὲ

77 1851 103 1892 15
117 1840 184 1895 τῶν
207 1834 375 1914 πολεμίων
399 1830 444 1907 ὡς
466 1833 523 1917 βίῳ
544 1828 850 1916 κρατηθησομένοις
874 1832 919 1915 μὴ
942 1829 1132 1917 ἐπιχειρεῖν.

81 1933 173 2007 3καὶ
196 1937 214 2003 δ
239 1937 295 2002 διά
318 1935 421 2021 μέσον
443 1939 564 2023 χρόνος
586 1937 647 2002 οὐκ
666 1937 778 2020 ὀλίγος
797 1936 925 2020 ἐγένετο
948 1941 1043 2027 φόβῳ
1062 1950 1132 2005 τῶν

117 2041 351 2129 έπιχειρησεων
379 2045 588 2128 τριβόμενος·
617 2041 658 2108 οὐ
685 2041 799 2127 μέντοι
825 2040 880 2108 καὶ
908 2046 955 2120 είς
976 2042 1070 2121 τέλος
1094 2069 1133 2129 γε

118 2149 289 2235 διαμένειν
309 2148 345 2215 ἐν
363 2160 433 2225 τοῖς
452 2145 672 2232 ἐγνωσμένοις
689 2149 912 2232 ἐδυνήθησαν.
950 2149 1047 2215 ὁπότε
1066 2153 1200 2238 γάρ1728

117 2256 325 2340 ἐπισιτισμοῦ
347 2255 445 2342 χάριν
468 2254 488 2338 ἢ
512 2265 578 2320 τῶν
602 2255 712 2321 ἀλλων
736 2255 931 2340 ἐπιτηδείων
952 2260 1054 2340 τινός,
1083 2253 1132 2324 ὧν

76 2385 103 2425 ιο
118 2363 318 2448 ἀμφοτέροις
344 2363 428 2444 έδει,
455 2363 555 2446 μοῖρά
582 2385 633 2438 τις
660 2361 857 2445 ἀποσταλείη
886 2372 944 2446 τῆς
966 2373 1133 2449 στρατιᾶς,

118 2472 285 2553 συμβολαί
304 2465 331 2532 τ’
359 2467 470 2533 αὐτῶν
494 2466 644 2552 ἐγίνοντο
667 2465 722 2533 καὶ
745 2472 879 2552 πληγαί,
901 2467 956 2534 καὶ
976 2471 1013 2534 τὸ
1033 2479 1133 2536 νικᾶν

119 2575 180 2642 οὐκ
203 2572 254 2640 ἀεὶ
276 2575 365 2659 παρὰ
387 2585 457 2651 τοῖς
479 2573 592 2651 αὐτοῖς
614 2577 722 2659 έμενε·
747 2575 905 2652 πολλάκις
928 2572 965 2640 δὲ
988 2582 1134 2660 συμπλε-

118 2679 268 2767 κομένων
292 2679 448 2765 ἀλληλοις
465 2678 678 2764 ἀπέθνησκόν
697 2677 725 2745 τ’
748 2680 810 2745 οὐκ
828 2681 936 2765 ὀλίγοι
958 2680 1013 2746 καὶ
1031 2705 1133 2769 τραυ-
1166 2764 1170 2769 .

80 2792 230 2872 4ματίαι
258 2791 393 2863 πλείους
420 2785 579 2870 ἐγίνοντο.
624 2798 694 2864 τοίς
722 2782 784 2871 μὲν
811 2782 874 2853 οὐν
896 2785 1067 2872 Ῥωμαίοις
1094 2791 1132 2856 τὸ

77 2914 103 2956 ει
118 2894 395 2979 ἀπαναλούμενον
415 2902 473 2978 τῆς
495 2901 648 2980 στρατιᾶς
670 2892 808 2977 οὐδεμία
832 2891 941 2960 ποθέν
960 2893 1132 2983 ε’πικουρία

191 3095 204 3141 1
225 3088 341 3157 σημείας
363 3086 417 3140 ΑΒ
440 3088 475 3141 cf.
495 3084 583 3141 Cobet
606 3085 671 3140 obs.
691 3105 719 3156 p.
736 3091 785 3139 167
896 3093 929 3142 16
953 3081 984 3141 ἐν
1008 3085 1090 3160 φόβῳ
1109 3106 1132 3143 ο.

118 3159 277 3228 Stephanus
352 3164 383 3212 19
403 3155 421 3225 ἢ
440 3175 493 3212 om.
508 3158 555 3211 Ba
574 3157 637 3211 add.
654 3157 701 3210 Bb
721 3173 807 3226 supra
824 3156 874 3214 lin.
946 3164 980 3213 20
999 3153 1132 3214 έδόκειΟ

118 3229 177 3285 ἔδει
199 3229 303 3285 Reiske
393 3235 426 3284 21
447 3228 594 3302 συμβολαὶ]
619 3228 775 3298 συμπλοκαὶ
799 3244 822 3282 ο.
842 3228 1014 3298 Grasberger
1037 3228 1133 3284 Philo-

117 3302 200 3370 logus
220 3307 254 3356 28
279 3302 370 3370 (1869)
393 3320 420 3370 p.
439 3307 490 3356 552
599 3305 633 3354 25
657 3298 881 3370 ἀπαναλωμένον
905 3317 927 3356 c.
952 3300 1042 3355 Cobet
1067 3300 1133 3356 Obs.

138 3378 217 3428 ‚172
257 3376 261 3440 Ι
300 3372 366 3428 οὐδὲ
390 3372 440 3441 μία
468 3371 561 3426 ποθὲν
585 3366 703 3426 έπιούσα
728 3371 750 3426 Ο
773 3389 824 3440 pro
847 3371 941 3426 ποθὲν
966 3387 989 3425 ο.
1015 3373 1134 3427 οἴκοθεν

117 3391 270 3512 ἀὶθεείἰως,
289 3447 354 3513 post
368 3438 486 3498 έπιούσα
501 3443 565 3498 add.
581 3438 729 3513 ἐπικουρία
748 3441 873 3496 Sintenis
888 3443 948 3498 Em.
963 3440 1046 3497 Dion.
1061 3443 1075 3496 Ι
1090 3450 1134 3514 22,
