2424 3848
97 171 162 236 100
522 172 681 220 -Ζ-

94 334 134 398 τά
157 334 279 418 εύορκα
299 335 412 398 δοκεῖν
430 330 620 416 ἐγνωκέναι.
656 329 754 407 ἐάσας
771 331 813 414 δή
831 333 911 408 τοὺς
928 331 1112 416 στεφάνους

94 437 150 505 καί
172 440 212 504 τά
236 439 383 525 ἀριστεία
405 436 461 504 καί
484 440 524 503 τά
546 439 716 524 τραύματα
738 435 793 502 καὶ
815 438 877 521 τήν
895 438 1001 521 άλλην
1020 460 1113 522 τερα-

95 549 186 611 τείαν
213 547 296 630 πρὸς
325 555 427 611 ταῦτα
454 543 546 629 λέγε,
578 539 603 608 ὦ
631 544 777 629 Μάρκιε·
809 545 1022 630 παραδίδωμι
1049 545 1113 630 γάρ

94 654 159 736 ήδη
183 649 236 717 σοί
258 653 318 717 τὸν
342 654 452 735 λόγον.

69 782 82 822 ε
162 757 300 822 LXIIII.
333 761 438 823 Τοῦτο
461 760 499 824 τὸ
522 759 734 842 κατηγόρημα
754 758 882 840 πολλήν
901 756 1035 842 ἐποίησε
1054 759 1115 842 τήν

98 863 151 931 ἐπὶ
181 865 308 949 θάτερα
339 865 533 948 μεταβολήν.
580 863 616 928 οἱ
639 858 699 947 μὲν
727 863 790 947 γάρ
819 861 1058 946 ἐπιεικέστεροί
1081 887 1116 929 τε

96 969 152 1036 καὶ
180 970 420 1048 σπουδάζοντες
446 965 530 1051 ὑπὲρ
558 966 705 1053 ἀφέσεως
731 979 791 1034 τοῦ
818 968 941 1054 ἀνδρὸς
964 972 1116 1054 μαλακω-

97 1099 186 1161 τεροι
218 1077 347 1141 τούτων
378 1074 577 1150 ἀκούσαντες
608 1072 780 1157 ἐγένοντο,
811 1077 848 1140 τὸ
881 1071 919 1140 δὲ
950 1080 1117 1161 κακόηθες

98 1184 198 1266 άπαν,
221 1181 239 1246 ὃ
263 1192 324 1247 τοῦ
348 1183 455 1266 δήμου
474 1186 629 1246 πλεῖστον
648 1178 745 1266 μέρος
762 1176 817 1265 ήν,
841 1180 1018 1261 ἐκπαντὸς
1037 1183 1118 1250 ἀπο-

60 1316 86 1357 10
100 1289 193 1356 λε’σαι
225 1290 284 1354 τὸν
312 1289 419 1373 ἄνδρα
447 1289 555 1372 δήπου
583 1288 881 1373 προθυμούμενον,
913 1291 961 1354 ἔτι
989 1295 1118 1374 μᾶλλον

102 1398 149 1473 είς
180 1391 270 1461 ταῦτ’
303 1392 498 1478 ἐπερρώσθη
531 1394 674 1478 μεγάλης
705 1392 856 1479 ἀφορμῆς
886 1392 942 1460 καὶ
971 1405 1157 1482 φανερᾶςΙει

65 1505 300 1587 2λαβύμενον.
344 1494 388 1584 ἦν
411 1501 474 1584 γάρ
498 1498 626 1584 ἀληθής
648 1499 668 1583 ἡ
691 1511 758 1565 τῶν
777 1501 937 1586 λαφύρων
956 1503 1120 1587 διάδοσις,

104 1608 145 1673 οὐ
170 1609 235 1691 μήν
259 1605 295 1671 ἐκ
317 1603 540 1691 προαιρέσεώς
562 1629 599 1689 ηε
622 1615 770 1691 πονηρᾶς
789 1604 845 1671 καὶ
864 1604 917 1671 ἐπὶ
934 1618 1119 1696 κατασκευῇ

102 1712 315 1798 τυραννίδος,
343 1711 387 1788 ὡς
415 1711 432 1777 ὁ
456 1709 577 1787 Δέκιος
599 1707 725 1797 η’τιᾶτο,
747 1709 926 1796 γενομένη,
954 1712 1027 1780 ἀλλ’
1055 1716 1119 1783 ἀπὸ

62 1845 88 1886 ιι
102 1820 224 1894 παντὸς
256 1827 316 1883 τοῦ
348 1821 519 1901 βελτίστου
551 1815 607 1882 καί
639 1815 899 1902 ἐπανορθώσεως
929 1819 1026 1886 ἕνεκα
1054 1834 1120 1888 τῶν

102 1928 308 2010 κατεχόντων
330 1925 370 1988 τά
392 1924 489 1989 κοινὰ
511 1935 631 1989 κακῶν.
669 1925 898 2003 στασιάζοντος
916 1928 980 2010 γάρ
1000 1930 1049 1992 ἔτι
1066 1927 1121 1994 καὶ

104 2034 313 2114 διεστηκότος
331 2029 395 2095 άπὸ
413 2039 481 2095 τῶν
499 2033 681 2115 πατρικίων
696 2040 757 2096 τοῦ
771 2033 923 2114 πλήθους
936 2035 1009 2098 τότε
1024 2058 1120 2100 κατα-

104 2142 331 2224 φρονήσαντες
359 2136 394 2201 οἱ
417 2135 569 2220 πολέμιοι
592 2137 800 2221 καταδρομάς
821 2146 879 2220 της
901 2139 1010 2224 χώρας
1033 2139 1120 2207 ἐποι-

105 2254 206 2309 ούντο
238 2240 294 2308 καὶ
325 2245 501 2325 λεηλασίας
533 2253 693 2327 συνεχεῖς·
730 2240 785 2307 καὶ
818 2243 915 2309 ὁπότε
948 2245 1056 2324 δόξειε
1083 2257 1120 2334 τη

68 2377 95 2418 νο
108 2354 212 2434 βουλή
232 2349 293 2431 τήν
310 2349 529 2418 κωλύσουσαν
547 2358 649 2414 ταῦτα
668 2348 813 2433 δύναμιν
832 2347 992 2436 ἐξελθεῖν,
1011 2352 1122 2430 οὐδεὶς

108 2452 196 2542 ἐξῄει
219 2465 287 2519 τῶν
310 2456 479 2538 δημοτῶν,
502 2451 574 2519 ἀλλ’
600 2452 774 2539 ἐπέχαιρόν
797 2454 909 2521 τεκαὶ
932 2461 1121 2544 περιεώρων

107 2564 146 2629 τά
175 2564 346 2646 γινόμενα·
380 2559 399 2643 ἡ
429 2557 466 2625 δέ
493 2572 560 2626 τῶν
588 2564 769 2645 πατρικίων
796 2559 868 2646 χείρ
892 2562 953 2627 οὐκ
974 2558 1019 2646 ήυ
1041 2563 1118 2630 καθ’

73 2669 228 2753 ὃὲαυτήν
256 2667 439 2751 άξιύμαχος.
484 2676 582 2733 τοῦτο
610 2669 813 2751 καταμαθὼν
841 2667 859 2733 ὁ
882 2669 1038 2754 Μάρκιος
1064 2671 1123 2736 ύπ-

109 2777 220 2863 έσχετο
248 2786 318 2851 τοῖς
344 2773 497 2856 ὑπάτοις,
528 2773 586 2839 ἐὰν
610 2772 830 2858 ἐπιτρέψωσιν
853 2774 941 2861 αὐτῷ
965 2777 1028 2860 τήν
1050 2777 1123 2861 ήγε-

69 2911 95 2951 25
109 2886 229 2969 μανίαν
236 2932 246 2967 ,
276 2880 432 2966 στρατιὰν
462 2879 552 2958 άξειυ
580 2878 734 2947 ἑκούσιον
762 2879 815 2945 ἐπὶ
842 2884 921 2958 τοὺς
947 2887 1124 2968 πολεμίους

109 2988 164 3055 καί
192 2991 290 3072 δίκην
317 2989 483 3070 λήψεσθαι
510 2984 587 3072 παρ’
614 2987 723 3052 αὐτῶν
747 2987 784 3052 ἐν
806 2988 905 3073 τάχει.
952 2991 1066 3073 λαβὼν
1089 2985 1124 3055 δὲ

110 3097 171 3180 τήν
200 3094 354 3173 ἐξουσίαν
378 3093 550 3159 συνεκάλει
573 3094 650 3170 τούς
673 3117 707 3159 τε
731 3094 871 3171 πελάτας
893 3092 949 3159 καὶ
971 3099 1050 3174 τούς
1074 3101 1125 3183 φί·

184 3294 200 3340 4
223 3287 273 3340 τὸν
291 3285 374 3355 λόγον
392 3293 492 3340 τοῦτον
510 3293 592 3340 τοῦτο
610 3285 641 3340 τὸ
664 3285 714 3340 Ac
786 3291 820 3339 14
843 3284 977 3357 γινομένη
996 3287 1020 3342 Β
1094 3276 1125 3343 22'

113 3355 183 3424 αύτὴ
202 3354 273 3410 καθ’
286 3351 389 3424 ἐαντὴν
401 3356 545 3426 Kiessling
599 3363 633 3410 25
653 3355 830 3430 στρατ<ι>αν
843 3356 866 3409 Β
881 3360 911 3413 et
925 3375 1012 3428 saepe
1027 3361 1033 3429 Ι
1049 3359 1126 3427 άξεικ

114 3427 137 3482 Ο
157 3422 267 3497 ἐξάγειν
286 3431 315 3497 (1)
333 3427 477 3498 Kiessling
497 3435 500 3494 ή
521 3425 659 3497 πολέμους
676 3428 702 3481 Α
