2424 3848
505 151 667 199 -z-
1050 148 1092 214 79

74 310 214 390 δειξάτω
241 309 298 377 καὶ
325 307 435 396 μηδὲν
462 312 510 375 ἔτι
534 311 679 394 δεύμεθα
701 314 811 394 λόγου.
858 311 895 375 αί
915 307 946 375 δ’
974 313 1128 396 ὁμοίω-3

73 422 158 504 γίαι,
180 416 257 483 καθ’
281 418 320 496 ἃς
338 419 540 483 διελύσασθε
558 418 641 503 πρὸς
658 419 736 494 τοὺς
755 419 899 502 δημότας
921 419 959 483 αί
973 417 1093 484 νεωστὶ

26 529 268 611 ικυγενύμεναι·
302 525 365 609 χρή
395 523 459 607 γάρ
490 521 546 588 καὶ
575 520 650 608 περὶ
682 523 810 588 τούτων
842 523 927 608 ὑμᾶς
958 531 1092 609 μαθεῖν,

73 632 191 716 ε’πειδή
218 630 364 716 πονηρὸς
392 628 547 713 ἐξηγητής
575 628 593 694 6
622 630 789 716 δήμαρχος
816 630 925 696 αὐτῶν
948 630 1091 715 ἐγένετο·

74 740 138 804 δύο
171 747 275 803 ταῦτα
302 739 544 821 συγχωρήματα
575 733 798 821 περιέχουσιν·
829 736 988 822 ἀφεῖσθαι
1015 742 1092 816 τούς
1118 767 1131 808 ι

74 846 277 930 δημοτικοὺς
299 853 365 908 τῶν
387 853 511 928 χρεῶν,
540 838 594 907 καί
618 843 679 926 τήν
702 841 808 928 ἀρχὴν
832 846 931 928 τήνδε
959 844 1092 911 άποδεί-

73 957 224 1016 κνυσθαι
246 946 323 1015 καθ’
351 947 490 1014 ἕκαστον
513 946 667 1015 ἐνιαυτὸν
690 947 879 1035 ἐπικουρίας
902 950 997 1016 ἕνεκα
1023 962 1091 1017 τῶν

73 1054 346 1142 κατισχυομένων
359 1053 414 1121 καί
428 1056 614 1138 κωλύσεως,
627 1056 709 1120 ἄλλο
724 1051 761 1122 δὲ
775 1058 863 1138 παρά
876 1056 966 1123 ταῦτ’
980 1057 1091 1124 οὐδέν.

73 1162 234 1249 μέγιστον
253 1159 284 1228 δ’
306 1162 387 1246 ὑμῖν
405 1159 556 1245 γενέσθω
575 1164 763 1248 τεκμήριον,
782 1161 833 1227 ὅτι
851 1161 927 1228 οὔθ’
952 1163 969 1229 6
988 1166 1125 1248 νόμος4

73 1266 155 1337 οὔθ’
183 1269 221 1334 αί
245 1275 412 1353 συνθῆκαι
438 1265 509 1333 κατ’
535 1266 658 1354 ἀνδρὸς
679 1272 854 1354 πατρικίου
878 1270 1021 1348 δικάζειν
1044 1278 1089 1356 τςό
1105 1289 1131 1328 ιο

74 1378 171 1465 δήμφ
194 1376 380 1441 δεδώκασιν
403 1373 568 1458 ἐξουσίαν,
591 1373 609 1440 6
627 1385 718 1441 ποιεῖ
735 1385 800 1441 νῦν
819 1376 918 1453 αὐτὸς
940 1376 959 1442 6
979 1378 1091 1460 δήμος.

72 1484 214 1549 αἰτεῖται
236 1482 300 1565 γάρ
319 1480 399 1546 αὐτὸ
421 1477 498 1564 παρ’
521 1481 616 1565 ὑμῶν
633 1482 788 1566 τήμερον,
811 1482 855 1559 ὡς
874 1484 1037 1568 πρότερόν
1055 1478 1086 1566 γ’

73 1589 137 1656 οὐκ
161 1590 261 1673 ἔχων·
290 1583 400 1663 οὐδεὶς
423 1583 454 1652 δ’
481 1585 523 1651 άν
547 1584 698 1664 ἀξιώσειέ
717 1611 749 1651 τι
771 1585 848 1670 παρ’
875 1589 986 1653 άίίων
1010 1594 1091 1673 λαμ-

73 1696 205 1780 βάνειν,
228 1687 275 1758 ὧν
294 1690 364 1758 ἐστι
381 1695 474 1781 νύμςο
492 1693 615 1775 κύριος.
653 1693 784 1759 δίκαιον
803 1690 840 1759 δὲ
862 1696 995 1780 φύσεως
1013 1694 1126 1763 άνο-5

73 1799 275 1887 μοθέτητον,
298 1794 324 1863 ὦ
342 1801 459 1884 βουλή,
482 1808 551 1875 πῶς
569 1798 611 1864 άν
630 1805 680 1882 εἴη
698 1809 811 1865 τοῦτο·
833 1802 889 1865 καί
908 1802 971 1887 γάρ
992 1812 1090 1868 τούτο
1105 1820 1130 1861 1⁵

72 1907 197 1984 Δέκιος
227 1907 313 1990 ὑμᾶς
344 1904 425 1992 ᾤετο
454 1907 526 1970 δεῖν
555 1916 704 1971 σκοπεῖν·
736 1917 806 1983 τοῖς
832 1903 894 1991 μὲν
922 1909 1090 1992 δημόταις,

72 2017 113 2093 άς
135 2011 164 2080 τ’
191 2012 234 2078 άν
257 2013 388 2097 φύγωσι
412 2014 506 2089 δίκας
526 2011 592 2077 ὑπὸ
616 2023 682 2079 τῶν
704 2016 885 2099 πατρικίων
908 2012 963 2078 καὶ
987 2013 1025 2090 ἃς
1048 2013 1090 2078 δν

72 2120 224 2196 ἐκείνους
247 2120 403 2216 διώκωσι,
425 2121 484 2184 τὸν
508 2120 615 2203 δῆμον
639 2119 794 2203 δικάζειν,
824 2131 893 2196 τοῖς
916 2116 952 2184 δὲ
975 2142 1090 2202 πατρι-

26 2231 160 2304 ιοοκίοις
187 2223 270 2311 μήδ’
301 2225 381 2290 ὅταν
404 2223 554 2308 ἐπάγωσί
576 2249 650 2290 τινα
678 2237 745 2290 τῶν
775 2227 962 2310 δημοτικῶν
993 2229 1090 2312 δίκην

72 2330 156 2419 μήθ’
173 2331 256 2397 ὅταν
274 2328 369 2396 αὐτοὶ
387 2331 631 2396 κινδυνεύσωσι
647 2334 725 2408 τοὺς
737 2336 929 2419 πατρικίους
942 2337 982 2400 τά
996 2339 1088 2421 νείκη
1102 2352 1129 2392 20

73 2441 226 2522 διαιτᾶν,
258 2436 341 2502 άίίά
372 2438 501 2513 τούτοις
534 2434 595 2521 μὲν
631 2436 800 2524 ἀμφότερα
837 2437 957 2517 ἐξεῖναι
992 2446 1089 2507 πλεο-

72 2556 222 2627 νεκτεῖν,
249 2543 330 2628 ἡμῖν
353 2541 382 2608 δ’
411 2541 589 2630 οὐδετέρου
612 2555 679 2610 τῶν
702 2546 840 2611 δικαίων
864 2544 1025 2631 μετέχειν;
1059 2549 1090 2611 εί
1102 2547 1123 2610 6

73 2778 145 2828 1868
163 2789 191 2840 p.
208 2776 259 2825 815
279 2766 327 2826 ἐπὶ
344 2777 381 2843 τῷ
400 2769 510 2843 νύμφα
537 2771 641 2826 Reiske
670 2775 674 2841 Ι
709 2771 952 2842 δεδοκιμασμὲνην
972 2772 994 2826 Ο
1013 2774 1089 2826 δεδι-

71 2841 162 2915 κασμὲ
202 2862 219 2897 ν
238 2858 261 2895 ο.
280 2841 383 2896 Reiske

146 2923 163 2970 3
202 2920 256 2983 μᾶς
274 2913 350 2966 Assa
368 2914 441 2982 ὑμᾶς
457 2913 504 2966 Bb
595 2914 772 2977 8κωλύσεως
796 2922 851 2968 τῶν
870 2913 1045 2967 ἀδικούντων
1064 2931 1087 2968 ο.

72 2986 199 3056 Sylburg
295 2989 329 3038 10
350 2986 417 3053 posss
441 2988 583 3053 συνθῆκαι
606 3002 703 3038 rasura
726 2988 859 3053 quattuor
881 2984 1041 3037 litterarum
1064 2985 1088 3038 B

72 3065 105 3112 12
125 3053 262 3126 τήμερον]
281 3058 418 3136 πρότερον
436 3056 462 3107 A
518 3060 550 3108 13
569 3056 681 3122 ἀξιώσει
701 3054 741 3110 ἔτι
759 3054 808 3109 Ac
829 3053 1000 3128 άξιίισεκε)
1019 3076 1046 3109 τι
1063 3055 1086 3108 Β

70 3129 220 3195 ἀξιώσειεν
239 3125 281 3182 ἔτι
304 3141 326 3179 ο.
345 3125 489 3194 K1essling
511 3125 638 3192 ἀξιώσειέ
661 3145 716 3180 που
740 3126 854 3198 (δήπου)
873 3143 896 3180 ο.
916 3124 1088 3196 Grasberger

70 3198 240 3268 Philologus
259 3202 294 3251 28
317 3199 409 3268 (1869)
433 3215 452 3266 p
476 3201 526 3250 551
551 3197 586 3251 ef.
605 3198 753 3252 Baumann
772 3196 885 3263 Quaest,
910 3213 1026 3267 gramm.
1051 3199 1086 3253 de

70 3288 124 3324 usu
143 3269 220 3323 mod.
239 3285 267 3337 p.
282 3273 317 3321 35
404 3273 436 3320 14
455 3270 567 3322 δίκαιον
586 3268 622 3337 δὴ
642 3267 663 3324 Ο
684 3284 752 3322 corr.
771 3266 915 3336 Kiessling
1002 3275 1033 3323 17
1053 3269 1087 3331 άς

68 3362 103 3412 γε
122 3341 145 3396 0
165 3340 200 3403 άς
218 3337 244 3395 τ’
268 3338 368 3392 Βοὶιδῐο
388 3341 393 3407 Ι
413 3338 537 3409 φεύγωσι
555 3357 578 3393 ο.
597 3338 700 3394 Reiske
774 3346 806 3393 19
825 3338 955 3408 δπάγωσί
969 3359 1033 3394 τινα
1055 3372 1084 3380 -

69 3415 155 3482 δίκην
175 3410 230 3465 ΑΒ
249 3405 375 3480 ἐπάγωσί
390 3429 446 3464 τινι
467 3442 495 3451 -
518 3412 600 3479 δίκην
619 3412 643 3464 R
726 3415 761 3464 20
779 3411 964 3465 κινδυνεύωσι
982 3410 1086 3467 Reiske
