2424 3848
518 172 683 223 ..Θ-

91 330 275 416 ὑπέσχοντο
305 342 350 418 τῷ
380 333 482 419 δημω.
533 330 745 418 ἀπορουμένῃ
779 329 816 396 δέ
849 341 888 418 τῃ
916 335 1022 419 βουλῇ
1050 332 1141 400 καλ4
1190 334 1193 340 ’

92 436 323 524 ἀμηχανούσῃ,
351 441 386 503 τί
409 438 471 524 χρὴ
495 449 619 522 ποιεῖν,
638 435 778 515 ’Ἁππιος
801 439 970 515 Κλαύδιος
992 439 1105 505 ὑποτί-

90 549 187 608 θεται
217 555 367 627 σκοπεῖν,
396 543 483 619 ὅπως
511 544 720 627 διαστήσεται
749 544 790 608 τά
817 555 884 608 τῶν
911 544 1024 610 άλλων
1047 547 1105 630 δη-

40 649 227 734 741μάρχων
250 652 332 735 πρὸς
355 649 457 714 αὐτόν
464 698 474 731 ,
498 649 676 732 διδάσκων,
700 649 750 713 ὅτι
773 651 832 715 τὸν
854 651 1027 715 κωλύοντα
1049 650 1104 716 καὶ

90 755 246 840 ἐμποδών
277 758 456 840 γινόμενον
492 767 561 832 τοῖς
593 756 735 839 δόγμασι
766 765 824 839 τῆς
855 759 980 840 βουλῆς
1012 757 1103 841 ίερὸν
1131 783 1144 822 5

91 864 172 928 ὅντα
189 859 244 927 καὶ
263 864 354 949 νόμῳ
373 863 435 945 την
455 860 608 939 ἐξουσίαν
630 864 747 947 ἐχοντα
770 863 894 944 ταύτην
912 863 1020 938 άλλως
1043 863 1105 928 ούκ

90 971 160 1033 ἔστι
187 976 311 1032 παῦσαι
339 976 396 1050 τῆς
424 968 634 1050 δυναστείας,
667 966 725 1031 ε’άν
752 970 796 1051 μη
824 991 874 1044 τις
900 966 1011 1053 ἕτερος
1037 981 1104 1034 τῶν

90 1072 155 1137 άπὸ
183 1081 240 1155 της
269 1079 341 1155 ίσης
367 1082 463 1156 τιμῆς
488 1073 543 1139 καλ
570 1075 632 1158 τὴν
655 1073 759 1155 αὐτὴν
782 1072 936 1152 ἐξουσίαν
959 1074 1104 1160 ἐχόντων

89 1178 248 1244 τάναντία
274 1179 400 1265 πράττῃ
427 1183 498 1263 καί,
526 1171 576 1256 οἷς
603 1179 645 1244 άν
673 1179 798 1256 ἐκεῖνος
825 1179 979 1264 ἐμποδὼν
1008 1179 1104 1264 γένη-

90 1309 159 1368 ται,
186 1293 289 1350 ταῦτα
317 1286 438 1370 κωλύῃ.
485 1284 709 1369 συνεβούλευέ
728 1309 763 1351 τε
786 1297 855 1362 τοῖς
877 1281 979 1363 αὖθις
999 1275 1144 1386 παρα-ξ)0

90 1391 291 1475 ληψομένοις
323 1391 383 1474 την
416 1390 523 1477 ἀρχὴν
553 1392 693 1469 ὑπάτοις
729 1402 829 1458 τοῦτο
859 1393 1015 1477 πράττειν
1047 1392 1102 1458 καὶ
1153 1436 1155 1440 -

91 1508 243 1580 σκοπεῖν,
276 1497 364 1574 ὅπως
396 1496 510 1575 ἕξουσί
540 1521 632 1576 τινας
663 1496 715 1564 άελ
746 1509 813 1564 τῶν
846 1500 1023 1586 δημάρχων
1055 1502 1102 1566 οί-

89 1607 200 1680 κείους
229 1605 323 1687 σφίσι
347 1601 402 1668 καὶ
424 1607 556 1688 φίλους·
584 1609 665 1689 μίαν
687 1600 773 1670 εἶναι
801 1604 908 1689 λέγων
931 1615 988 1689 τῆς
1011 1605 1102 1684 ἐξου-

90 1713 164 1786 σίας
181 1719 241 1774 τοῦ
261 1708 395 1794 άρχείου
409 1709 600 1794 κατάλυσιν,
619 1709 678 1775 ἐάν
692 1711 888 1790 στασιάζωσι
906 1714 990 1797 πρὸς
1003 1711 1102 1796 άλλη-

89 1821 169 1893 λους
192 1816 228 1880 οί
247 1817 376 1899 άνδρες.
1116 1841 1141 1882 ιε

155 1921 198 1986 ΙΙ.
247 1923 377 2005 Ταύτην
410 1920 671 2006 εἰσηγησαμένου
706 1924 766 2007 την
798 1926 935 2009 γνώμην
959 1923 1100 1991 Ἀππίου

90 2027 246 2106 δόξαντες
270 2027 372 2093 αὐτὸν
392 2027 503 2113 ὀρθώς
525 2040 700 2113 παραινεῖν
719 2031 755 2094 οί
770 2053 804 2095 τε
823 2031 943 2096 ύπατοι
961 2029 1015 2095 καὶ
1033 2020 1101 2096 τῶν

40 2136 201 2204 ι4εάλλων
228 2134 263 2198 οί
288 2134 525 2219 δυνατώτατοι,
558 2139 664 2220 πολλῇ
693 2139 855 2222 θεραπεία
883 2134 1100 2219 διεπράξαντο

88 2243 166 2317 τοὺς
197 2237 351 2325 τέτταρας
383 2238 419 2304 ἐκ
451 2251 518 2305 τῶν
551 2241 730 2327 δημάρχων
758 2244 900 2316 οἰκείους
928 2249 966 2325 τῃ
994 2244 1098 2326 βουλῇ

88 2345 254 2430 γενέσθαι.
301 2345 337 2409 οί
358 2342 394 2409 δέ
417 2349 496 2422 τέως
519 2343 580 2430 μὲν
602 2350 690 2436 λόγῳ
713 2350 926 2431 μεταπείθειν
948 2348 1007 2411 τὸν
1026 2333 1141 2446 Ἰνώ-Ξ0

88 2459 163 2519 λιον
191 2451 383 2536 ἐπεχείρουν
411 2450 594 2535 άποστῖχναι
623 2464 691 2518 τῶν
717 2450 792 2537 περὶ
820 2461 876 2536 τῆς
902 2456 1100 2538 κληρουχίας

87 2557 353 2641 πολιτευμάτων,
381 2556 442 2635 ἕως
469 2559 504 2622 οί
534 2562 672 2643 πόλεμοι
702 2560 828 2641 λάβωσι
856 2556 959 2635 τέλος·
992 2559 1037 2635 ώς
1064 2556 1095 2623 δ’

87 2665 285 2748 ἠναντιοῦτο
313 2661 369 2727 καὶ
396 2665 563 2748 διώμνυτο
587 2668 689 2747 λόγον
712 2688 745 2729 τε
768 2666 828 2730 τὸν
851 2663 1099 2749 αὐθαδέστερον

88 2773 193 2836 εἰπεῖν
215 2768 371 2853 ἐτόλμησε
399 2779 459 2835 τοῦ
488 2769 595 2854 δήμου
622 2774 800 2856 παρόντος,
829 2771 878 2835 ὅτι
906 2776 1033 2855 μᾶλλον
1056 2770 1098 2835 άν

40 2930 44 2935 .
86 2878 243 2961 βούλοιτο
272 2879 466 2961 Τυρρηνοὺς
493 2874 548 2940 καὶ
575 2879 653 2953 τοὺς
675 2878 798 2953 άλλους
820 2879 997 2960 πολεμίους
1019 2900 1098 2962 κρα-
1112 2901 1138 2942 ει

160 3073 176 3119 3
196 3067 415 3192 διαστησχχῃται
433 3067 456 3120 Β
552 3075 567 3122 6
586 3069 673 3122 verba
691 3066 757 3120 inde
777 3066 813 3119 ab
833 3065 933 3136 ἔχοντα
952 3082 1041 3135 usque
1060 3068 1098 3121 ad

88 3133 263 3204 ἐξουσίανν.
284 3139 376 3192 8ad
403 3139 426 3191 B
481 3138 649 3209 9πράττειν
668 3141 697 3192 οῖ
715 3157 740 3193 v.
757 3143 791 3192 10
811 3137 928 3193 κωλύειν
948 3138 1098 3207 Opraeter

87 3210 131 3279 ΒΙ
147 3211 259 3278 χίνῃται
277 3209 329 3261 ΑΒ
404 3216 436 3264 10
454 3217 542 3264 ταῦτα
561 3210 597 3279 μὴ
617 3209 750 3281 κωλύῃο.
770 3207 872 3262 Reiske
955 3215 987 3263 17
1008 3211 1038 3262 εί
1050 3209 1097 3262 Ba

88 3301 116 3336 οι
107 3279 182 3333 “Bb
247 3285 281 3334 18
300 3279 389 3333 ἄλλων
409 3279 438 3334 ολ
454 3282 498 3335 δυ.
518 3280 563 3333 Bb
583 3297 617 3334 ex
636 3298 703 3335 corr.
721 3280 884 3354 [θεραπεία
902 3280 925 3333 Β
945 3281 1097 3356 δυναστείᾳ

87 3352 113 3405 Β
185 3358 218 3405 23
238 3351 311 3420 διώμ
311 3370 346 3404 νυ
364 3349 410 3404 Ba
428 3371 459 3406 το
480 3351 543 3404 αδδ.
563 3352 609 3405 Bb
630 3367 714 3421 supra
732 3349 780 3404 lin.
807 3358 811 3417 Ι
837 3334 951 3405 αύθαδέ
952 3336 1095 3406 στατονί.

87 3423 210 3492 Sylburg
281 3426 316 3475 25
336 3422 479 3492 βούλοιντο
499 3421 521 3476 0
540 3425 621 3491 praet
609 3423 688 3476 terB

140 3521 433 3572 Dmmnnfflmm.
402 3522 501 3562 nm]
472 3531 550 3561 mox
551 3551 556 3560 .
905 3515 937 3563 18
