2378 3840
488 175 655 228 -Θ-
1012 175 1077 240 359

129 333 365 399 XXXXVHII.
402 332 458 413 Ὡς
487 333 518 401 δ’
550 332 650 402 οὐδὲν
678 335 804 419 ἐγίνετο
832 335 947 423 πέρας,
977 335 1078 423 χωρὶς

61 439 222 519 ἑκάστους
244 439 489 526 ἀπολαμβάνων
513 442 531 508 ὁ
550 444 717 528 Κοίντιος,
739 443 818 521 τούς
835 466 869 508 τε
888 443 1077 530 δημάρχους

61 545 118 613 καί
140 549 200 613 τὸν
215 545 369 633 Ἄππιον,
393 548 498 615 έδείτο
521 547 576 614 καὶ
599 548 747 637 ἐλιπάρει
763 547 818 616 καὶ
837 551 877 616 τά
895 551 992 616 κοινά
1010 561 1076 616 τῶν

62 655 161 720 ίδίων
183 652 422 739 ἀναγκαιότερα
439 655 595 740 ἡγεῖσθαι
614 655 718 739 ἠξίου.
755 656 844 743 ὁρῶν
863 653 900 721 δὲ
918 660 998 735 τοὺς
1015 654 1076 742 μὲν

60 761 125 845 ἤδη
149 758 404 847 πεπειροτέρους
427 765 619 846 γεγονότας,
647 764 706 828 τὸν
730 759 768 828 δὲ
791 764 999 850 συνάρχοντα
1022 761 1075 830 ἐπὶ
1103 786 1117 827 ο

60 875 120 950 τῆς
146 867 247 950 αὐτῆς
274 865 456 944 αὐθαδείας
482 866 625 952 μένοντα
651 872 762 934 πείθει
785 872 862 946 τοὺς
885 868 970 954 ἀμφὶ
993 874 1076 936 Λαι-

60 973 200 1058 τώριον,
226 969 311 1060 ὑπὲρ
339 972 496 1040 ἀπάντων
520 985 588 1040 τῶν
610 970 638 1039 τ’
667 976 764 1040 ίδίων
787 975 999 1061 ἐγκλημάτων
1021 975 1077 1042 καὶ

60 1089 129 1144 τῶν
159 1080 329 1164 δημοσίων
359 1081 420 1163 τὴν
447 1080 574 1165 βουλὴν
601 1090 736 1166 ποιησαι
763 1086 891 1168 κυρίαν.
942 1080 1012 1147 ἐπεὶ
1039 1078 1112 1153 δέ2

13 1195 160 1255 εἵετοῦτο
183 1184 391 1272 διεπράξατο,
415 1186 588 1253 συνεκάλει
610 1189 671 1272 τὴν
694 1191 822 1272 βουλην
844 1186 899 1253 καὶ
922 1191 1000 1264 τοὺς
1019 1188 1076 1272 δη-

61 1292 209 1378 μάρχους
230 1294 336 1359 πολλά
355 1290 529 1370 ἐπαινέσας
547 1292 681 1360 καὶτοῦ
700 1295 923 1381 συνάρχοντος
942 1292 1076 1378 δεηθεὶς
1091 1315 1117 1358 ιο

61 1399 107 1483 μὴ
135 1397 365 1483 ἀντιπράττειν
392 1408 431 1484 τῇ
460 1402 606 1487 σωτηρίᾳ
632 1409 690 1485 της
716 1402 842 1478 πόλεως
868 1400 976 1466 ἐκάλει
998 1404 1077 1478 τοὺς

60 1507 223 1582 εἰωθότας
250 1504 498 1589 ἀποφαίνεσθαι
526 1507 668 1589 γνώμας.
718 1517 848 1593 πρῶτος
875 1504 912 1574 δέ
939 1506 1110 1592 κληθεὶς3

60 1613 213 1688 Πόπλιος
245 1609 428 1698 Οὐαλέριος
462 1616 675 1691 Ποπλικόλας
711 1616 848 1698 γνώμην
884 1613 1074 1701 ἀπεφήνατο

59 1719 173 1803 τήνδε·
204 1717 266 1782 ὅσα
293 1714 354 1802 μὲν
382 1716 537 1803 ἀλλήλοις
564 1718 763 1804 ἐγκαλοῦσιν
790 1722 884 1787 οἵτε
912 1723 1076 1809 δήμαρχοι

60 1821 115 1890 καὶ
143 1824 162 1890 ό
189 1823 328 1907 άπατος,
355 1820 439 1909 ὑπὲρ
463 1819 511 1890 ών
533 1827 662 1893 ἔπαθον
685 1826 706 1911 ἢ
729 1830 874 1915 ἔδρασαν
897 1828 934 1894 ἐν
956 1839 996 1915 τῇ
1020 1853 1075 1895 τα-
1089 1851 1115 1892 ιι

61 1938 157 2016 ραχη,
180 1929 293 2015 ἐπειδὴ
318 1929 379 1996 οὐκ
402 1929 435 2009 ἐξ
459 1930 636 2017 ἐπιβουλῆς
655 1931 727 1999 οὐδ’
747 1936 869 2012 οίκείας
886 1934 1077 2014 πλεονεξίας

60 2035 173 2102 ἕνεκεν
196 2037 244 2113 είς
265 2036 349 2101 αὐτὰ
367 2036 580 2122 κατέστησαν,
604 2035 676 2102 ἀλλ’
698 2039 763 2104 ὑπὸ
782 2048 839 2124 τῆς
857 2042 904 2116 είς
921 2040 961 2104 τά
978 2043 1076 2105 κοινά

59 2145 264 2227 φιλοτιμίας,
291 2140 452 2228 ἀφεῖσθαι
481 2141 700 2231 δημοσίᾳκαὶ
723 2146 888 2229 μηδεμίαν
910 2140 993 2230 ὑπὲρ
1017 2144 1076 2209 αὐ-

60 2258 127 2313 τῶν
151 2242 237 2314 εἶναι
260 2250 371 2332 δίκην·
394 2247 470 2334 περὶ
493 2245 530 2313 δὲ
553 2258 613 2314 τοῦ
635 2251 754 2333 νόμου,
778 2247 891 2335 ἐπειδὴ
915 2250 1076 2327 ὁίίπατος

62 2352 225 2436 [Ἄππιος]
250 2353 312 2420 οὐκ
335 2354 373 2442 ἐᾷ
396 2358 502 2440 νόμον
526 2354 796 2440 ἀπροβούλευτον
816 2356 863 2432 είς
880 2357 942 2440 την
961 2355 1075 2440 ἐκκλη-
1088 2378 1116 2419 το

61 2465 139 2527 σίαν
162 2459 326 2547 ἐκφέρειν,
348 2466 594 2547 προβουλεῦσαι
617 2457 679 2546 μὲν
701 2459 777 2548 περὶ
799 2463 920 2528 τούτου
938 2464 976 2528 τὸ
996 2479 1075 2528 συν-“

60 2571 188 2655 ἐδριον·
208 2571 286 2645 τοὺς
304 2564 342 2633 δέ
360 2568 550 2654 δημάρχους
568 2569 635 2653 ἅμα
652 2578 721 2644 τοϊς
737 2567 873 2646 ὑπάτοις
886 2566 1075 2653 ἐπιμέλειαν

58 2677 265 2758 ποιήσασθαι
287 2683 345 2758 τῆς
366 2671 403 2738 θ’
426 2674 583 2758 ὁμονοίας
604 2685 672 2740 τών
693 2678 850 2759 πολιτῶν,
872 2675 952 2741 ὅταν
973 2674 994 2757 η
1012 2682 1075 2759 ψῆ-

59 2805 123 2866 φος
145 2778 223 2866 περὶ
245 2781 349 2846 αὐτοῦ
373 2777 580 2867 διαφέρηται,
602 2778 657 2845 καὶ
680 2789 737 2865 τῆς
759 2780 942 2865 εὐκοσμίας.
985 2780 1111 2850 ἐπαι-4

13 2886 231 2956 ιῖενεσάντων
254 2883 291 2953 δὲ
314 2887 375 2970 την
397 2887 534 2972 γνώμην
552 2885 708 2954 ἁπάντων
727 2888 831 2965 εὐθὺς
848 2884 994 2952 ἀνέδωκε
1012 2888 1074 2971 τὴν
1088 2908 1114 2949 τε

59 2990 144 3080 ὑπὲρ
169 3002 231 3059 τοῦ
253 2995 360 3077 νόμον
382 3001 498 3077 ψῆφον
520 2993 539 3059 ὁ
562 2996 718 3071 Κοίντιος
740 3002 786 3081 τῷ
810 2994 990 3083 συνεδρίῳ,
1018 2990 1074 3058 καὶ

35 3092 165 3165 Ιπολλοὶ
197 3095 258 3182 μὲν
286 3095 426 3164 Ἀππίου
457 3102 761 3184 κατηγορήσαντος,
797 3100 904 3166 πολλὰ
937 3095 974 3163 δὲ
1006 3109 1073 3165 τῶν

131 3296 163 3344 11
178 3289 214 3344 τὰ
228 3288 388 3361 σωτήριαΔ
434 3294 466 3343 17
480 3287 551 3359 ὑπὲρ
566 3289 589 3344 Ο
603 3290 659 3344 άπὸ
675 3288 797 3360 Sylburg
841 3297 873 3346 18
888 3288 1074 3364 ἀφ<εἴσ>θαι

58 3360 82 3415 Β
172 3366 207 3415 20
227 3358 341 3424 Ἄππιος
364 3360 417 3416 del.
438 3358 527 3415 Cobet
550 3359 615 3416 Obs.
638 3378 666 3429 p.
688 3367 738 3415 183
829 3367 863 3415 21
888 3360 939 3431 μὲν
963 3362 1027 3416 add.
1047 3359 1073 3414 A

58 3436 94 3489 22
116 3430 166 3488 ὑπ’
188 3432 284 3494 αὐτοῖς
302 3433 347 3486 Ba
369 3430 488 3494 ὑπάτοις
504 3431 531 3484 R

13 3542 93 3615 βε..
