2424 3848
511 179 677 233 ..Θ-

84 345 210 429 χρόνον
235 337 264 406 δ’
289 339 329 406 οὐ
352 343 460 405 πολὺν
483 338 520 406 ἐν
542 349 581 425 τῇ
604 344 745 428 πολεμίᾳ
768 343 969 426 διατρίψασα
991 351 1103 429 παρῆν

85 450 134 526 είς
156 448 217 531 τὴν
239 450 339 513 πόλιν
362 446 494 529 ἀπαθὴς
515 457 638 530 κακῶν,
660 450 811 533 λαμπρὸν
835 445 888 513 ἐπὶ
906 460 975 525 τοῖς
993 451 1103 535 ἔργοις

85 557 146 621 τὸν
171 555 354 639 στρατηγὸν
377 554 513 636 ἀγουσα.
549 552 570 636 ἡ
594 550 632 618 δὲ
649 562 694 641 τῷ
709 549 835 642 Ἀππίω
854 554 1136 634 συνεξελθοῦσαδ

88 661 230 745 δύναμις
253 662 342 744 μίσει
364 667 409 747 τῶ
432 661 515 745 πρὸς
537 659 640 725 αὐτὸν
662 660 769 725 πολλά
786 661 939 746 ὑπερεῖδε
957 673 1023 728 τῶν
1041 684 1103 728 πα-

87 770 199 852 τρίων.
237 767 277 831 τά
300 789 335 830 τε
357 767 420 850 γάρ
444 767 528 831 ἀλλα
547 764 793 832 ἐθελοκακοῦσα
812 765 849 831 ἐν
868 767 929 854 όλχγ
947 777 986 854 τῇ
1005 787 1102 856 στρα-
1129 785 1142 828 5

87 876 159 960 τείᾳ
176 871 232 937 καὶ
251 872 458 957 ὀλιγωροῦσα
477 881 537 938 τοῦ
550 873 714 957 ἡγεμόνος
728 870 901 955 διετέλεσε,
919 872 974 938 καλ
988 873 1101 960 ἐπειδὴ

88 979 255 1065 μάχεσθαι
279 980 347 1043 ἔδει
369 987 409 1063 τῇ
435 978 659 1044 Οὐολούσκων
683 988 834 1067 στρατιᾷ,
860 987 1103 1046 κατασταθεῖσα

88 1086 154 1151 ῦπδ
177 1096 244 1150 τῶν
262 1085 436 1170 ἡγεμόνων
455 1087 502 1162 είς
519 1084 612 1164 τάξιν
631 1086 692 1152 οὐκ
710 1084 828 1170 ἠξίωσε
847 1093 918 1163 τοῖς
935 1091 1104 1170 πολεμίοις

38 1193 136 1269 Βῖθείς
163 1203 273 1277 χεῖρας
302 1190 399 1257 ίέναι·
432 1189 505 1257 ἀλλ’
532 1193 567 1257 οἵ
591 1215 627 1256 τε
649 1191 785 1279 λοχαγοί
807 1192 863 1258 καὶ
885 1193 921 1257 οί
940 1195 1104 1278 πρόμαχοι

88 1297 215 1380 αὐτῶν,
244 1297 280 1362 οί
304 1293 365 1381 μὲν
392 1299 432 1362 τά
460 1308 577 1381 σημεῖα
605 1296 778 1383 ῥίψαντες,
806 1299 841 1364 οί
868 1296 905 1364 δέ
927 1300 988 1383 τὴν
1011 1297 1103 1377 τάξιν
1117 1317 1144 1357 10

88 1402 362 1487 ἐγκαταλιπόντες
391 1402 445 1469 ἐπὶ
474 1406 533 1469 τὸν
562 1404 690 1490 χάρακα
719 1407 873 1489 ἔφευγον.
918 1403 974 1470 καὶ
1002 1407 1033 1471 εί
1058 1407 1140 1490 μὴ4

87 1510 323 1594 θαυμάσαντες
350 1512 386 1576 τὸ
413 1510 606 1595 παράλογον
633 1519 691 1594 τῆς
716 1518 826 1595 φυγῆς
853 1511 962 1576 αὐτῶν
991 1512 1026 1577 οί
1045 1531 1104 1578 πο-

90 1614 197 1700 λέμιοι
220 1619 275 1682 καὶ
298 1619 478 1700 δείσαντες,
501 1616 545 1701 μὴ
569 1613 688 1700 ἐνέδρα
710 1640 760 1694 τις
782 1609 816 1704 ᾖ,
839 1627 900 1702 τῆς
916 1615 969 1683 ἐπὶ
987 1623 1104 1684 πλεῖον

90 1722 233 1801 διώξεως
261 1722 503 1809 ἀπετράποντο,
533 1724 571 1788 τὸ
597 1728 714 1789 πλεῖον
742 1722 785 1789 ἀν
813 1722 912 1811 μέρος
937 1734 1005 1791 τῶν
1028 1723 1104 1791 Ῥω-

89 1832 197 1913 μαίων
221 1826 415 1912 διέφθαρτο.
457 1824 593 1894 ἐποίουν
617 1827 779 1896 δὲταῦτα
802 1834 922 1922 φθόνῳ
945 1842 1006 1898 τοῦ
1028 1832 1102 1916 ἡγε-
1118 1847 1143 1888 1⁵

89 1937 203 2019 μόνος,
225 1936 281 1999 ἵνα
304 1935 349 2018 μὴ
371 1936 474 1999 καλὸν
497 1934 668 2021 ἀγώνισμα
691 1938 709 2002 δ
733 1936 817 2023 ἀνὴρ
842 1936 1104 2024 διαπραξάμενος

88 2041 246 2127 θριάμβῳ
269 2063 303 2105 τε
325 2038 382 2106 καὶ
404 2051 474 2118 ταῖς
496 2042 610 2118 ἀλλαις
634 2040 889 2128 ἐπιλαμπρυνθῇ
912 2055 1028 2128 τιμαῖς.
1064 2043 1140 2128 τῖχὸ

89 2143 128 2211 δὲ
150 2147 288 2211 κατόπιν
311 2144 417 2235 ἡμέρᾳ
438 2148 478 2212 τά
501 2145 562 2232 μὲν
581 2147 795 2231 ἐπιτιμῶντος
813 2148 926 2225 αὐτοῖς
943 2159 1004 2214 τοῦ
1021 2148 1104 2213 ὑπά-

88 2276 150 2318 του
172 2261 229 2335 τῖγς
248 2250 370 2331 ἀδόξου
389 2262 508 2338 φυγῆς,
530 2254 571 2318 τά
589 2250 627 2318 δέ
644 2258 915 2338 παρακαλοῦντος
934 2259 1104 2340 αἴσχιστον

89 2360 189 2444 ἔργον
212 2357 445 2425 ἀναλύσασθαι
467 2364 557 2446 καλῶ
576 2358 693 2443 ἀγῶνι,
716 2358 756 2423 τά
776 2355 806 2422 δ’
824 2358 1052 2444 ἀπειλοῦντος,
1074 2363 1106 2426 εί
1118 2377 1144 2418 2⁰

90 2465 134 2548 μὴ
163 2467 340 2549 στήσονται
367 2467 455 2551 παρά
477 2465 518 2530 τά
541 2465 651 2550 δεινά,
678 2467 863 2550 χρήσεσθαι
886 2476 955 2542 τοῖς
977 2469 1105 2551 νόμοις,

90 2568 245 2657 ἀπειθείᾳ
267 2593 302 2635 τε
328 2573 509 2656 διεχρῶντο
531 2573 588 2636 καλ
609 2574 755 2655 καταβοῇ
778 2568 833 2635 καί
857 2569 996 2653 ἀπάγειν
1020 2581 1105 2656 σφᾶς

90 2673 244 2741 ἐκέλευον
272 2674 308 2741 ἐκ
335 2685 393 2760 τῖχς
422 2679 580 2761 πολεμίας
603 2677 647 2753 ῶς
669 2675 829 2742 ἀδύνατοι
853 2678 901 2741 ἔτι
924 2677 1017 2768 όντες
1038 2676 1104 2741 ὑπὸ

38 2782 288 2867 θεοτραυμάτων
307 2781 469 2867 ἀντέχειν·
487 2784 711 2867 κατεδήσαντο
729 2784 792 2869 γάρ
812 2783 922 2848 αὐτῶν
936 2783 972 2848 ολ
986 2780 1106 2847 πολλοὶ

89 2891 167 2965 τοὺς
198 2889 304 2972 ὑγιεῖς
334 2899 460 2974 χρῶτας
489 2889 533 2966 ὡς
562 2892 774 2976 τραυματίαι·
811 2890 894 2955 ὥστε
924 2886 1145 2965 δ”Αππιοςεῠ

164 3086 178 3133 1
203 3082 355 3151 διατρίψας
373 3080 453 3136 ABG
526 3088 542 3136 3
566 3090 621 3136 τῶν
640 3090 800 3152 στρατηγῶν
818 3081 865 3135 Ba
888 3083 893 3149 Ι
915 3079 1046 3154 ἀγουσ<α
1064 3080 1105 3154 ἡ)

90 3152 138 3206 Bb
155 3156 159 3220 Ι
176 3155 353 3206 συνελθοῦσα
372 3151 395 3206 Ο
415 3168 483 3207 corr.
502 3151 606 3206 Reiske
665 3151 837 3222 4δυνάμεις
854 3153 901 3206 Ba,
956 3157 989 3205 10
1009 3149 1039 3205 ολ
1054 3151 1105 3221 μὲν

91 3241 145 3278 om.
161 3223 182 3276 Β
204 3225 208 3290 Ι
230 3219 365 3292 ῥίψαντες
383 3222 415 3278 δὲ
435 3221 465 3277 ολ
479 3223 531 3291 τὴν
549 3221 630 3289 τάξιν
649 3239 703 3277 om.
717 3223 776 3290 Bc,
795 3223 826 3277 in
843 3223 866 3276 Β
885 3239 983 3277 rasura
998 3224 1106 3291 septem

90 3296 149 3350 fere
168 3292 329 3348 litterarum
385 3300 416 3349 11
438 3289 713 3366 ἐγκα<ταλιπόν>τες
726 3293 774 3347 Bb
793 3297 798 3363 Ι
820 3291 941 3364 ἔφευγον
960 3309 1013 3348 οαι.
1028 3294 1106 3347 ΑΒο

92 3372 126 3420 14
149 3363 342 3490 ἀιᾸεόράποντο
360 3365 411 3420 ΑΟ
502 3371 535 3420 21
559 3363 721 3435 χρήσασθαι
738 3365 844 3436 ACmg
929 3371 962 3420 25
981 3385 1107 3436 τραυμα-

90 3439 152 3499 τίας
