2378 3840
104 162 170 228 138
528 168 698 219 -Η-

102 332 215 393 κεῖσθε
239 327 283 412 μή
305 330 528 412 κομιζόμενοι,
550 329 581 392 εί
601 324 638 394 δὲ
656 327 788 419 πολέμφ
807 327 1047 417 ἀφαιρεθέντες
1066 331 1125 399 ού-

101 431 171 500 κέτι
194 433 304 499 αὐτῶν
327 435 420 511 ὄντες
442 434 565 520 κύριοι,
588 433 730 500 ἀδικεῖτε
753 446 821 501 τῶν
844 435 1030 523 ἀλλοτρίων
1050 438 1125 524 ἐφι-

102 539 223 625 έμενοι.
267 539 360 624 ἡμεῖς
388 536 424 605 δέ
453 544 629 627 κρατίστας
650 541 824 627 ἡγούμεθα
844 547 990 629 κτήσεις,
1017 544 1059 622 ἀς
1080 544 1124 611 διν

100 645 233 735 πολέμφ
261 648 481 731 κρατήσαντες
509 647 678 733 λάβωμεν,
706 649 782 714 οὔτε
808 660 933 733 πρῶτοι
959 668 1138 737 καταστη-,

74 754 240 839 εσάμενοι
262 756 369 836 νόμον
391 755 489 819 τόνδε
513 755 590 819 οὔτε
608 754 710 821 αὐτὸν
730 754 920 841 ἀνθρώπων
937 756 1122 842 ἡγούμενοι

101 856 187 925 εἶναι
215 864 343 942 μᾶλλον
369 859 390 943 ἡ
418 857 494 944 ούχλ
521 866 626 926 θεῶν·
657 862 804 939 ἅπαντάς
829 885 866 928 τε
887 861 943 930 καὶ
956 861 1123 947 Ἕλληνας

100 964 156 1032 καὶ
179 966 370 1053 βαρβάρους
388 968 513 1043 εἰδότες
530 966 618 1056 αύτῷ
638 966 828 1054 χρωμένους
846 969 908 1035 οὐκ
926 969 969 1035 διν
987 969 1122 1056 ἐνδοίη-

101 1096 163 1158 μεν
185 1072 266 1157 ὑμῖν
289 1075 438 1158 μαλακὸν
461 1070 562 1140 οὐδέν
585 1071 658 1139 οὐδ’
680 1073 723 1140 δν
741 1073 965 1160 ἀποσταίημεν
984 1079 1033 1142 ἔτι
1053 1088 1122 1143 τῶν

66 1182 315 1266 3δορικτήτων.
352 1181 458 1263 πολλή
482 1180 544 1266 γάρ
568 1179 610 1245 ἀν
633 1186 683 1265 εἴη
706 1185 856 1267 κακότης,
878 1189 979 1260 εἴτις
1003 1183 1024 1248 ἀ
1047 1182 1119 1268 μετ’

62 1311 88 1350 ιο
102 1286 219 1374 ἀρετὴς
247 1286 303 1352 κοιλ
332 1286 487 1372 ἀνδρείοις
516 1286 689 1371 ἐκτήσατο,
718 1286 817 1355 ταῦθ’
843 1288 908 1354 ὑπὸ
936 1293 1064 1376 μωρίας
1086 1312 1121 1356 τε

99 1392 155 1459 καὶ
183 1395 308 1470 δειλίας
335 1392 542 1480 ἀφαιρεθείη.
588 1397 745 1479 πολεμεῖν
772 1392 800 1460 τ’
828 1396 903 1462 ούτε
931 1396 975 1479 μή
999 1400 1188 1481 βουλο-ισεσ

99 1498 222 1585 μένους
239 1500 325 1584 ὑμᾶς
343 1497 580 1585 ἀναγκάζομεν,
599 1500 674 1566 ούτε
688 1500 988 1586 προθυμουμένους
1001 1523 1121 1586 παραι-

99 1608 260 1690 τούμεθα,
283 1603 326 1670 ἀν
349 1601 379 1670 δ’
402 1603 549 1689 ἀρξησθε
572 1603 801 1689 ἀμυνούμεθα.
841 1616 944 1673 ταῦτα
969 1609 1121 1677 Οὐολού-

100 1729 192 1789 σκοις
206 1708 426 1793 ἀπαγγέλλετε
440 1709 495 1776 καὶ
510 1709 631 1795 λέγετε,
646 1712 696 1777 ότι
710 1715 873 1797 λήψονται
887 1710 948 1798 μὲν
961 1717 1121 1802 πρότεροι

60 1819 138 1883 ιετδι
162 1815 236 1883 ὅπλ’
258 1816 394 1900 ἐκείνοι,
417 1818 569 1902 θήσομεν
593 1816 623 1882 δ’
645 1818 739 1902 ἡμεῖς
760 1818 903 1904 ὕστερον.

166 1923 222 1989 XI.
263 1926 391 2000 Ταύτας
418 1925 453 1989 οί
476 1922 632 2010 πρέσβεις
658 1925 716 2002 τάς
743 1924 932 2010 ἀποκρίσεις
959 1929 1121 2011 λαβόντες

98 2031 302 2116 ἀπήγγειλαν
325 2039 370 2117 τῷ
393 2033 515 2114 πλήθει
537 2041 604 2095 τῶν
625 2030 857 2097 Οὐολούσκων.
894 2037 1121 2120 συναχθείσης

99 2134 162 2204 οὗν
190 2133 291 2213 αὖθις
317 2136 489 2220 ἐκκλησίας
511 2138 591 2222 μετὰ
613 2146 711 2203 τοῦτο
734 2149 894 2223 κυροῦται
917 2139 1025 2223 δόγμα
1047 2164 1120 2207 κοι-

98 2247 161 2310 νὸν
174 2253 234 2310 τοῦ
249 2246 371 2319 ἔθνους
384 2254 555 2329 προειπεῖν
564 2237 735 2327 Ῥωμαίοις
748 2247 807 2310 τὸν
821 2248 976 2327 πόλεμον.
1005 2245 1114 2313 έπενθ’

57 2371 86 2412 εο
100 2352 273 2434 αίροῦνται
297 2351 500 2436 στρατηγοὺς
523 2349 766 2436 αὐτοκράτορας
783 2360 844 2416 τοῦ
861 2348 1008 2436 πολέμου
1032 2353 1120 2419 Τύλ-

99 2462 160 2523 λον
182 2481 216 2522 τε
239 2455 295 2522 καλ
313 2456 470 2542 Μάρκιον
494 2455 652 2540 δυνάμεις
673 2480 708 2522 τε
732 2459 931 2540 ψηφίζονται
953 2460 1119 2544 καταγρά-

98 2588 176 2649 φειν
195 2561 250 2629 καὶ
266 2560 401 2650 χρήματ’
421 2560 588 2648 εἰσφέρειν
601 2560 657 2628 καί
670 2557 773 2629 τᾶλλα
785 2563 1119 2650 παρασκευάσασθαι,

62 2671 188 2739 θύσων
211 2670 446 2754 ὑπελάμβανον
470 2670 601 2752 δεήσειν
623 2678 669 2757 τῷ
693 2667 834 2758 πολέμφ.
871 2670 1056 2754 μελλούσης
1079 2668 1119 2739 δὲ

99 2779 296 2844 διαλύεσθαι
319 2783 377 2859 τής
400 2774 572 2859 ἐκκλησίας
594 2774 738 2853 ἀναστάς
760 2776 778 2842 ὁ
801 2775 955 2862 Μάρκιος
977 2778 1118 2862 ἔφησεν·

85 3007 246 3074 ,ἀδικεῖσθε
265 3003 302 3073 μὴ
321 3001 509 3072 κομιζόμενοι·
529 3011 582 3057 νῦν
601 3002 632 3056 δὲ
651 3001 761 3075 πολέμῳ
780 3001 1036 3072 ἀφαιρεθέντες-
1052 3005 1118 3060 ἀδι-

98 3083 171 3132 κεῖτε
190 3092 248 3143 eqs.
269 3073 447 3128 scribendum
466 3089 526 3128 εεεο

170 3152 186 3200 6
212 3147 304 3200 αὐτῶν
326 3144 374 3197 Bb
451 3151 466 3199 6
493 3143 621 3207 ἅπαντας
642 3144 674 3199 δὲ
697 3143 801 3199 Beiske
875 3151 890 3199 ’ί
917 3143 1069 3219 είδ<ό>τες
1091 3147 1118 3200 Β

98 3224 114 3272 8
134 3217 176 3272 ότι
195 3217 240 3269 Ba
259 3214 299 3270 ἔτι
318 3216 394 3269 ABb
456 3221 471 3270 9
491 3214 662 3286 δορικτήτων
681 3217 705 3270 Α
725 3215 904 3285 δορυκτήτων
922 3216 948 3269 R
1010 3223 1043 3272 18
1063 3214 1116 3272 οὖν

98 3304 184 3357 supra
210 3286 259 3342 lin.
282 3287 329 3340 Bb
355 3290 359 3355 Ι
384 3285 486 3357 ἀρχητε
509 3286 612 3341 Reiske
638 3286 738 3356 ἀρξητε
762 3303 786 3341 ο.
810 3287 899 3341 Cobet
922 3286 988 3341 Obs.
1013 3305 1041 3358 p.
1063 3295 1114 3344 157

99 3366 131 3413 19
155 3366 204 3412 τοῦ
229 3356 333 3419 ἔθνους
354 3358 419 3420 τοὺς
441 3359 529 3420 θεοὺς
550 3358 575 3411 A
600 3362 604 3427 1
630 3355 726 3412 ἔπειτα
746 3354 941 3427 ..αἱροῦνται
958 3358 1006 3412 Bb
1054 3408 1058 3420 ‚
1079 3365 1115 3417 22

97 3426 363 3500 παρασκευάζεσθαι
377 3445 399 3482 ο.
416 3428 539 3482 Reudler
552 3429 608 3484 Tir.
623 3428 684 3485 crit.
699 3447 726 3498 p.
738 3433 772 3484 54
822 3433 857 3484 24
871 3427 952 3498 *ἔφη
968 3429 991 3484 0
1006 3431 1117 3485 correxi
