2424 3848
495 181 662 234 ..Θ-

71 367 121 420 τις
140 341 203 408 ἀπὸ
223 352 280 427 τῆς
296 345 453 408 Αἰκανῶν
473 350 626 429 στρατιᾶς
643 345 858 429 παρελθοῦσα
877 337 954 406 καθ’
973 337 1085 427 ἑτέρας

72 450 174 526 ὁδοὺς
196 448 431 533 [ἀφυλάκτους]
457 446 613 532 ἐνέβαλεν
635 449 683 524 εἰς
704 449 766 532 τὴν
780 444 948 531 Ῥωμαίων
966 455 1041 532 γῆν,
1064 447 1084 531 ἣ

71 561 227 620 πλεῖστον
255 555 446 640 ἀφειστήκει
472 563 531 639 τῆς
558 555 685 641 ὁμόρου
711 551 766 619 καὶ
794 553 850 617 διά
879 549 968 618 τοῦτ’
1000 553 1085 639 ἀφύ-

72 666 190 737 λακτος
218 655 275 744 ην·
306 658 340 738 έξ
369 655 409 744 ἧς
436 659 636 747 ἀνθρώπους
662 683 697 725 τε
723 661 868 735 πολλοὺς
896 662 1086 747 συνήρπασε

72 764 128 831 καὶ
149 768 314 852 χρήματα,
339 767 492 833 λαθοῦσά
513 789 549 831 τε
572 768 650 842 τοὺς
673 768 736 831 σὺν
759 773 804 851 τῷ
827 766 973 854 Κοιντίῳ
995 788 1086 854 περι·
1113 789 1128 830 τ

71 874 196 948 πόλους
213 881 271 957 τῆς
290 870 449 960 σφετέρας
466 880 527 957 γῆς
545 871 697 956 ἀπῆλθεν
717 869 770 936 ε’πὶ
783 871 824 937 τά
838 873 950 937 οἰκεία.
986 880 1085 939 τοῦτο

72 988 218 1063 συνεχῶς
248 977 374 1062 ἐγίνετο
403 977 459 1044 καί
487 980 615 1063 πολλὴν
644 989 800 1064 παρεῖχεν
828 978 990 1063 αἰσχύνην
1016 989 1086 1055 τοῖς

71 1084 217 1163 ὑπάτοις.
254 1087 364 1151 ἔπειτα
387 1086 507 1170 μαθὼν
530 1085 585 1150 διά
607 1086 824 1150 κατασκόπων
842 1107 877 1149 τε
895 1081 950 1148 καί
968 1084 1120 1169 αἰχμά-5

72 1192 188 1256 λώτων
217 1191 236 1257 ὁ
268 1193 395 1276 Φάβιος
424 1189 665 1274 ἐξεληλυθυῖαν
695 1188 730 1255 έκ
760 1198 819 1255 τοῦ
848 1189 991 1277 χάρακος
1018 1199 1086 1255 τῶν

72 1300 230 1363 Αἰκανῶν
262 1300 323 1383 τὴν
354 1301 532 1385 κρατίστην
565 1297 725 1381 δύναμιν,
758 1294 795 1360 έν
823 1304 863 1381 τῇ
893 1299 1084 1382 παρεμβολῇ
1100 1321 1127 1363 ιο

71 1404 260 1470 καταλιπὼν
293 1406 371 1481 τοὺς
401 1403 648 1490 πρεσβυτάτους
679 1401 778 1479 αύτὸς
807 1401 925 1486 ἐξῆλθε
953 1404 1085 1487 νύκτωρ

73 1508 199 1577 ἱππέων
223 1509 424 1595 ἐπαγόμενος
446 1507 584 1576 καὶτοῦ
606 1511 705 1587 πεζοῦ
726 1509 764 1573 τὸ
788 1507 1016 1593 ἀκμαιότατον.
1054 1509 1089 1575 οἰ

72 1613 134 1701 μέν
157 1611 219 1683 οὖν
239 1614 382 1682 Αἰκανοὶ
406 1617 620 1702 διηρπακότες
641 1614 682 1679 τά
704 1617 820 1700 χωρία,
843 1606 893 1693 οἷς
916 1611 1086 1699 ἐνέβαλον,

26 1719 222 1808 ιιεάπῄεσαν
245 1721 443 1806 ἐπαγόμενοι
464 1722 589 1798 πολλάς
612 1722 781 1807 ὠφελείας,
805 1721 823 1787 ό
843 1716 881 1786 δέ
901 1721 1027 1806 Φάβιος
1045 1722 1086 1787 οὐ

72 1832 159 1896 πολύ
181 1834 407 1915 προελθοῦσιν
431 1827 543 1904 αὐτοῖς
563 1827 769 1913 ἐπιφαίνεται
787 1824 842 1893 καὶ
860 1829 921 1911 την
938 1852 975 1894 τε
993 1831 1086 1894 λείαν
1101 1851 1128 1894 15

73 1936 263 2022 ἀφαιρεῖται
289 1933 344 2000 καί
372 1934 458 2020 μάχη
485 1936 564 2010 τοῦς
585 1935 828 2018 ὑπομείναντας
849 1941 928 2020 νικᾷ
950 1933 1085 2019 γενομέ-

71 2066 155 2119 νους
177 2042 302 2127 ἀνδρας
325 2039 486 2122 ἀγαθούς·
511 2040 546 2105 οἰ
566 2034 603 2104 δὲ
622 2037 733 2104 λοιποί
752 2039 917 2125 σποράδες
935 2037 1087 2127 ἐμπειρίᾳ

73 2149 163 2214 ὁδῶν
186 2150 347 2224 λαθόντες
368 2148 447 2223 τοὺς
470 2145 651 2222 διώκοντας
672 2143 860 2229 κατέφυγον
883 2145 930 2221 εἰς
952 2146 1011 2209 τὸν
1028 2145 1087 2230 χά-

73 2278 167 2342 ραιια.
219 2250 288 2318 ε’πεί
318 2249 355 2319 δὲ
383 2253 485 2339 ταύτη
516 2251 790 2339 ἀνεκρούσθησαν
817 2251 853 2316 οἰ
876 2248 1019 2315 Αἰκανοὶ
1046 2259 1122 2337 τῇ6

73 2367 232 2446 συμφορᾷ
260 2360 348 2446 παρὰ
378 2357 479 2436 δόξαν
510 2362 604 2444 σφίσι
633 2360 810 2442 γενομένη,
839 2356 999 2433 λύσαντες
1024 2357 1086 2440 τὴν
1100 2381 1127 2422 κο

71 2466 287 2553 παρεμβολὴν
313 2465 378 2551 ὑπὸ
406 2467 509 2532 νύκτα
536 2462 663 2553 ᾤχοντο
690 2460 745 2528 καὶ
773 2460 883 2528 οὐκέτι
907 2465 945 2528 τὸ
968 2465 1086 2529 λοιπὸν

73 2571 211 2659 ἐξῄεσαν
239 2569 275 2635 έκ
299 2580 357 2656 τῆς
382 2574 522 2646 πόλεως·
554 2565 626 2636 ἀλλ’
653 2570 824 2655 ἀνείχοντο
852 2571 945 2634 σῖτόν
972 2592 1023 2653 τε,
1051 2568 1087 2646 ὃς

73 2676 111 2745 ἰν
139 2677 225 2763 ἀκμῇ
253 2678 326 2742 τότε
353 2669 412 2760 ἦν,
440 2679 720 2761 συγκομιζόμενον
742 2675 807 2740 ὑπὸ
830 2685 897 2741 τῶν
919 2677 1087 2760 πολεμίων

74 2784 130 2851 καί
153 2783 271 2870 ἀγέλας
294 2782 512 2868 βοσκημάτων
535 2779 802 2866 ἀπελαυνομένας
825 2782 982 2868 δρῶντες,
1006 2783 1085 2868 χρύ-

74 2891 160 2978 ματά
188 2914 223 2956 τε
251 2891 494 2977 διαρπαζόμενα
520 2886 575 2954 καὶ
603 2887 706 2964 αύλάς
727 2883 808 2972 πυρί
832 2883 1008 2971 διδομένας
1030 2884 1086 2951 καὶ
1100 2908 1128 2950 κε

73 2999 303 3081 αἰχμαλώτους
320 2997 464 3071 πολλοὺς
482 2991 674 3078 ἀγομένους.
706 3001 804 3059 τοῦτο
824 2989 1086 3078 διαπραξάμενος

149 3159 163 3206 1
187 3172 228 3215 τις
247 3195 253 3208 .
270 3195 276 3207 .
295 3151 352 3205 ἀπὸ
371 3150 395 3203 Β
485 3157 501 3205 2
525 3149 711 3218 *ἀφύλακτος
734 3148 817 3211 δδοῦς
839 3147 885 3202 Ba
908 3147 1087 3216 ἀφυλάκτους

72 3223 160 3285 όδοῦς
177 3222 224 3276 Bb
249 3222 331 3284 ὁδοὺς
349 3220 528 3289 ἀφυλάκτους
545 3220 571 3273 R
593 3218 772 3288 ἀφυλάκτους
789 3234 900 3286 vocem,
922 3235 994 3287 quae
1012 3219 1086 3275 male

72 3293 197 3364 repetita
215 3296 290 3348 esset
307 3309 322 3348 ε
340 3308 423 3347 versu
441 3298 471 3361 4,
495 3290 587 3346 delevi
659 3298 692 3345 10
715 3291 865 3359 κρατίστην
884 3307 938 3345 om.
957 3290 980 3344 B
1052 3295 1084 3344 11

72 3365 163 3421 verba
184 3364 250 3419 inde
274 3363 310 3419 ab
333 3362 416 3426 αύτδς
439 3379 527 3431 usque
550 3363 587 3417 ad
610 3361 659 3416 καλ
682 3378 735 3415 om.
755 3361 802 3414 Ba
825 3360 890 3414 add.
910 3360 956 3415 Bb
1053 3366 1087 3415 15

71 3430 299 3510 (ἐπιφαίνεται)
318 3436 364 3489 Bb
384 3429 549 3505 ἐπιφέρεται
567 3433 667 3488 Garrer
686 3432 751 3489 Obs.
769 3450 798 3503 p.
812 3438 847 3488 60

128 3535 229 3576 mom.
244 3534 309 3575 1111..
323 3533 368 3574 111
391 3543 431 3574 ιο.
445 3535 547 3578 σεοοευ,
893 3525 927 3575 25
