2424 3848
113 152 176 217 178
534 153 701 202 -H-

110 296 168 392 τάς
199 312 272 398 ἑξῆς
303 312 427 398 έχώρει.
475 310 647 396 Ἀλβιήτας
684 306 745 395 μὲν
777 306 840 377 οὖν
872 310 928 377 καὶ
954 315 1128 395 Μογιλλα-

112 424 192 498 νοὺς
214 420 252 486 έκ
269 422 477 506 τειχομαχίας
494 419 592 504 αίρεῑ,
615 421 873 504 ’γχωριελανοὺς
893 414 931 483 δέ
948 415 1025 483 καθ’
1050 418 1129 503 ὁμο-

77 530 226 612 3λογίας
251 526 511 614 παραλαμβάνει.
562 528 740 609 γενόμενος
770 519 801 590 δ’
832 523 870 591 έν
896 522 1033 611 ἡμέραις
1059 548 1129 611 τρι-

112 634 235 700 άκοντα
257 636 387 700 πόλεων
411 629 490 697 ἑπτά
512 633 627 718 κύριος
644 625 724 714 ἧκεν
744 628 798 696 έπλ
816 632 876 716 την
890 629 1018 716 Ῥώμην
1036 632 1130 715 άγων

84 743 198 807 επολὺ
226 743 327 806 πλείω
351 738 508 826 στρατιάν
530 746 588 821 τῆς
609 735 770 823 προτέρας
791 735 846 802 καλ
870 740 1026 816 σταδίους
1048 736 1130 806 ἀπο-

113 848 202 933 σχὼν
228 854 286 930 τῆς
314 848 441 923 πόλεως
464 843 565 932 ὀλίγφ
588 847 722 921 πλείους
748 855 815 910 τῶν
839 845 1016 929 τριάκοντα
1038 846 1129 933 παρὰ

111 954 173 1038 την
187 951 241 1018 έπλ
254 954 467 1028 Τυσκλανοὺς
480 948 652 1036 φέρουσαν
666 950 748 1017 ὁδὸν
759 950 1129 1037 κατεστρατοπέδευσεν.

113 1055 150 1122 έν
173 1051 199 1146 95
224 1055 261 1123 δὲ
283 1059 342 1136 τάς
359 1061 515 1124 Λατίνων
535 1053 643 1143 έξῄρει
665 1080 700 1122 τε
722 1054 778 1123 καλ
800 1060 984 1143 προσήγετο
1005 1061 1131 1143 πόλεις,

50 1170 57 1195 ⁸
107 1162 279 1250 Ῥωμαίοις
305 1167 388 1251 πρὸς
415 1165 473 1242 τάς
500 1163 654 1247 ἐπιταγάς
682 1164 785 1231 αὐτοῦ
812 1166 919 1231 πολλά
946 1169 1201 1250 βουλευσα-ισεο

73 1295 99 1334 10
113 1269 227 1356 με’νοις
256 1269 348 1349 ἔδοξε
379 1267 483 1356 μηδὲν
513 1269 650 1348 άυάξιον
673 1282 784 1337 ποιεῖν
806 1279 864 1355 της
886 1274 1023 1355 πόλεως,
1053 1268 1127 1338 ἀλλ’

113 1375 172 1442 έδν
200 1373 261 1461 μὲν
288 1375 480 1442 ἀπέλθωσιν
508 1376 618 1442 αὐτῶν
649 1376 686 1442 έκ
707 1385 766 1461 τῆς
787 1378 896 1464 χώρας
921 1378 1132 1445 Οὐολοῦσκοι

112 1481 168 1548 καὶ
194 1493 252 1567 τῆς
278 1493 345 1549 τῶν
373 1483 555 1568 συμμάχων
581 1506 616 1547 τε
638 1481 694 1548 καὶ
716 1483 873 1568 ὑπηκόων
898 1487 1003 1569 [ymb
1029 1483 1131 1568 <καὶ>

113 1588 377 1672 καταλυσάμενοι
399 1591 459 1655 τὸν
477 1591 622 1674 πόλεμον
640 1587 795 1676 πρέσβεις
814 1590 1033 1657 ἀποστείλωσι
1051 1593 1132 1668 τοὺς

93 1753 95 1757 ,
113 1692 367 1779 διαλεξομένους
384 1693 459 1779 περὶ
477 1699 600 1781 φιλίας,
618 1699 864 1781 προβουλεῦσαι
881 1698 920 1763 τὸ
939 1695 1132 1796 συνέδριον,

75 1821 101 1862 15
115 1797 165 1886 ἐφ’
194 1792 243 1877 οἷς
273 1803 404 1868 ἔσονται
434 1803 576 1881 δικαίοις
605 1806 717 1887 φίλοι,
748 1801 805 1869 καὶ
833 1804 873 1869 τά
901 1801 1132 1889 βουλευθέντα

114 1909 161 1984 είς
187 1909 246 1972 τὸν
270 1908 377 1992 δῆμον
404 1906 598 1992 ἐξενεγκεῖν·
626 1908 688 1986 ἕως
715 1905 746 1974 δ’
773 1909 815 1976 δυ
837 1910 875 1976 έν
897 1919 937 1996 τῇ
959 1912 1052 1999 χώρᾳ
1075 1909 1132 1995 με’-

113 2037 229 2091 νοντες
251 2013 361 2079 αὐτῶν
378 2012 434 2080 ααὶ
452 2025 519 2080 τῶν
538 2015 719 2099 συμμάχων
738 2018 819 2102 ἔργα
844 2017 1010 2103 πράττωσι
1032 2023 1132 2084 πολε-

78 2118 211 2203 4μίων,
234 2116 344 2204 μηθέν
367 2119 479 2198 αὐτοῖς
500 2124 704 2206 ψηφίζεσθαι
727 2123 980 2209 φιλάνθρωπον.
1025 2127 1132 2203 πολὺς

115 2227 178 2310 γάρ
202 2227 243 2311 δη
262 2224 433 2311 Ῥωμαίοις
451 2224 502 2291 άελ
520 2229 619 2310 λόγος
641 2237 701 2295 τοῦ
725 2225 833 2313 μηθὲν
857 2231 981 2316 δρᾶσαί
999 2227 1072 2295 ποτ’
1096 2228 1131 2308 έξ

75 2355 101 2394 20
116 2331 332 2416 ἐπιτάγματος
363 2329 447 2417 μηδὲ
479 2335 574 2422 φόβφ
606 2337 774 2419 πολεμίων
805 2333 965 2420 είξαντας,
998 2352 1132 2402 σπεισα-

115 2435 228 2522 μένοις
246 2434 283 2502 δδ
301 2448 371 2514 τοϊς
389 2439 562 2526 διαφόροις
579 2436 635 2504 καὶ
649 2450 877 2527 παρασχοῦσιν
890 2438 1031 2520 έαυτοδς
1047 2443 1133 2527 ὑπη-

114 2547 215 2621 κόους
241 2547 437 2630 χαρίζεσθαί
460 2568 495 2610 τε
522 2543 577 2610 καὶ
601 2545 786 2652 ἐπιτρέπειν
809 2547 889 2613 ότου
912 2547 1042 2614 δέοιντο
1062 2542 1133 2615 τῶν

115 2655 267 2737 μετρίων.
307 2648 362 2716 καὶ
381 2661 479 2718 τοῦτο
497 2654 534 2719 τὸ
557 2655 713 2738 φρόνημα
736 2653 774 2719 έν
795 2659 931 2731 πολλοῖς
953 2652 1009 2720 καὶ
1032 2656 1133 2741 μεγά-

115 2765 187 2835 λοις
213 2757 385 2834 κινδύνοις
412 2759 625 2844 φυλάττουσα
647 2759 668 2843 ἡ
691 2763 786 2838 πόλις
807 2760 890 2827 κατά
911 2782 947 2826 τε
969 2764 1048 2839 τοὺς
1070 2761 1132 2827 ὀθ·

74 2885 101 2927 τι
114 2868 227 2942 νείους
254 2861 310 2930 καὶ
337 2867 416 2942 τοὺς
443 2864 624 2951 έμφυλίους
650 2864 816 2951 πολέμους
843 2865 938 2954 μέχρι
965 2877 1026 2935 τοῦ
1049 2865 1128 2934 καθ’

115 2971 200 3056 ἡμᾶς
222 2974 345 3057 χρόνου
370 2969 580 3037 διατετέλεκε.

189 3128 356 3200 Ιάλβίητας
374 3129 426 3182 ΑΒ
444 3128 619 3201 Λαβινιάτας
637 3146 660 3183 ο.
681 3129 803 3199 Sylburg
836 3130 840 3199 Ι
875 3131 1087 3200 μοοεγιλοιίνους
1105 3132 1131 3184 A

116 3200 295 3268 μογιλαινοδς
312 3198 362 3253 ΒΟ
435 3207 451 3254 2
470 3201 656 3271 χωριελανοὺς
675 3199 697 3255 0
716 3201 906 3270 Κοριολανοὺς
925 3217 947 3256 ο.
969 3200 1131 3272 Stephanus

117 3269 339 3332 Ἰτουοκλάνους
356 3270 382 3323 Α
473 3278 504 3325 12
524 3279 574 3341 γῆς
598 3272 652 3327 del.
672 3271 796 3326 Reudler
814 3271 906 3327 Τίτου.
924 3271 986 3326 crit.
1006 3290 1034 3342 p.
1055 3278 1090 3329 56
1125 3272 1128 3344 λ

116 3340 165 3394 καὶ
185 3343 250 3394 ante
268 3340 492 3412 καταλυσάμενοι
511 3342 574 3399 add.
594 3340 696 3397 Portus
747 3349 785 3397 20
800 3341 1002 3413 σπεισαμένους
1015 3344 1041 3396 A
1096 3350 1130 3399 23

117 3407 148 3465 ἐν
162 3416 220 3472 τοῖς
233 3412 377 3475 πολλοῖςΟ
391 3414 535 3482 praeterB
591 3420 625 3468 26
640 3411 872 3487 διατετέλεκε<ν>
882 3416 915 3468 αλ
929 3414 1131 3484 saepissimeB
