<?xml version="1.0" encoding="UTF-8"?>
<!DOCTYPE html PUBLIC "-//W3C//DTD XHTML 1.0 Transitional//EN"
    "http://www.w3.org/TR/xhtml1/DTD/xhtml1-transitional.dtd">
<html xmlns="http://www.w3.org/1999/xhtml" xml:lang="en" lang="en">
 <head>
  <title>
</title>
<meta http-equiv="Content-Type" content="text/html;charset=utf-8" />
  <meta name='ocr-system' content='tesseract 3.04.00' />
  <meta name='ocr-capabilities' content='ocr_page ocr_carea ocr_par ocr_line ocrx_word'/>
</head>
<body>
  <div class='ocr_page' id='page_1' title='image "./dionysihalicarn04diongoog_0142.png"; bbox 0 0 2424 3848; ppageno 0'>
   <div class='ocr_carea' id='block_1_1' title="bbox 512 185 1101 252">
    <p class='ocr_par' dir='ltr' id='par_1_1' title="bbox 512 185 1101 252">
     <span class='ocr_line' id='line_1_1' title="bbox 512 185 1101 252; baseline 0.005 -3"><span class='ocrx_word' id='word_1_1' title='bbox 512 185 680 235; x_wconf 80' lang='lat' dir='ltr'><strong><em>-H-</em></strong></span> <span class='ocrx_word' id='word_1_2' title='bbox 1041 186 1101 252; x_wconf 84' lang='lat'><strong><em>131</em></strong></span> 
     </span>
    </p>
   </div>
   <div class='ocr_carea' id='block_1_2' title="bbox 9 338 1142 2773">
    <p class='ocr_par' dir='ltr' id='par_1_2' title="bbox 9 338 1142 2135">
     <span class='ocr_line' id='line_1_2' title="bbox 9 338 1104 433; baseline 0.008 -26"><span class='ocrx_word' id='word_1_3' title='bbox 9 338 150 410; x_wconf 74' lang='grc' dir='ltr'><strong><em>’14ούν</em></strong></span> <span class='ocrx_word' id='word_1_4' title='bbox 175 340 225 409; x_wconf 84' lang='grc' dir='ltr'><strong><em>ἐπ’</em></strong></span> <span class='ocrx_word' id='word_1_5' title='bbox 251 343 355 409; x_wconf 82' lang='grc' dir='ltr'><strong><em>αὐτὸν</em></strong></span> <span class='ocrx_word' id='word_1_6' title='bbox 378 344 414 410; x_wconf 83' lang='grc' dir='ltr'><strong><em>ολ</em></strong></span> <span class='ocrx_word' id='word_1_7' title='bbox 433 353 491 428; x_wconf 78' lang='grc' dir='ltr'><strong><em>τῆς</em></strong></span> <span class='ocrx_word' id='word_1_8' title='bbox 517 343 768 432; x_wconf 78' lang='grc' dir='ltr'><strong><em>ἀριστοκρατίας</em></strong></span> <span class='ocrx_word' id='word_1_9' title='bbox 794 346 953 433; x_wconf 80' lang='grc' dir='ltr'><em>ἡγεμόνες</em></span> <span class='ocrx_word' id='word_1_10' title='bbox 976 348 1104 416; x_wconf 79' lang='grc' dir='ltr'><strong><em>ἐκεῖνον</em></strong></span> 
     </span>
     <span class='ocr_line' id='line_1_3' title="bbox 89 446 1103 536; baseline 0.006 -21"><span class='ocrx_word' id='word_1_11' title='bbox 89 446 148 534; x_wconf 73' lang='grc' dir='ltr'><strong><em>μὲν</em></strong></span> <span class='ocrx_word' id='word_1_12' title='bbox 172 448 329 536; x_wconf 77' lang='grc' dir='ltr'><strong><em>ἐξέβαλον</em></strong></span> <span class='ocrx_word' id='word_1_13' title='bbox 353 448 389 515; x_wconf 96' lang='grc' dir='ltr'><strong><em>ἐκ</em></strong></span> <span class='ocrx_word' id='word_1_14' title='bbox 415 459 474 534; x_wconf 77' lang='grc' dir='ltr'><strong><em>τῆς</em></strong></span> <span class='ocrx_word' id='word_1_15' title='bbox 495 454 637 536; x_wconf 88' lang='grc' dir='ltr'><strong><em>πόλεως,</em></strong></span> <span class='ocrx_word' id='word_1_16' title='bbox 665 451 759 517; x_wconf 78' lang='grc' dir='ltr'><strong><em>αὐτοὶ</em></strong></span> <span class='ocrx_word' id='word_1_17' title='bbox 788 449 825 518; x_wconf 75' lang='grc' dir='ltr'><strong><em>δὲ</em></strong></span> <span class='ocrx_word' id='word_1_18' title='bbox 846 455 887 518; x_wconf 87' lang='grc' dir='ltr'><strong><em>τά</em></strong></span> <span class='ocrx_word' id='word_1_19' title='bbox 909 456 1005 520; x_wconf 89' lang='grc' dir='ltr'><strong><em>κοινά</em></strong></span> <span class='ocrx_word' id='word_1_20' title='bbox 1027 479 1103 521; x_wconf 89' lang='grc' dir='ltr'><strong><em>κατ-</em></strong></span> 
     </span>
     <span class='ocr_line' id='line_1_4' title="bbox 88 554 1103 645; baseline 0.007 -24"><span class='ocrx_word' id='word_1_21' title='bbox 88 554 186 642; x_wconf 88' lang='grc' dir='ltr'><strong><em>έσχον</em></strong></span> <span class='ocrx_word' id='word_1_22' title='bbox 208 556 347 643; x_wconf 81' lang='grc' dir='ltr'><strong><em>ἀρίστην</em></strong></span> <span class='ocrx_word' id='word_1_23' title='bbox 369 555 425 622; x_wconf 79' lang='grc' dir='ltr'><strong><em>καὶ</em></strong></span> <span class='ocrx_word' id='word_1_24' title='bbox 449 558 739 642; x_wconf 77' lang='grc' dir='ltr'><em>σωφρονεστάτην,</em></span> <span class='ocrx_word' id='word_1_25' title='bbox 763 559 807 636; x_wconf 83' lang='grc' dir='ltr'><strong><em>ὡς</em></strong></span> <span class='ocrx_word' id='word_1_26' title='bbox 825 561 966 638; x_wconf 83' lang='grc' dir='ltr'><strong><em>ἀπαντες</em></strong></span> <span class='ocrx_word' id='word_1_27' title='bbox 985 561 1103 645; x_wconf 88' lang='grc' dir='ltr'><strong><em>ὁμολο-</em></strong></span> 
     </span>
     <span class='ocr_line' id='line_1_5' title="bbox 86 663 1103 751; baseline 0.005 -23"><span class='ocrx_word' id='word_1_28' title='bbox 86 671 196 748; x_wconf 89' lang='grc' dir='ltr'><strong><em>γοῦσι,</em></strong></span> <span class='ocrx_word' id='word_1_29' title='bbox 217 663 500 748; x_wconf 76' lang='grc' dir='ltr'><strong><em>καταστησάμενοι</em></strong></span> <span class='ocrx_word' id='word_1_30' title='bbox 522 668 702 729; x_wconf 76' lang='grc' dir='ltr'><strong><em>πολιτείαν.</em></strong></span> <span class='ocrx_word' id='word_1_31' title='bbox 748 668 881 751; x_wconf 79' lang='grc' dir='ltr'><strong><em>χρόνοις</em></strong></span> <span class='ocrx_word' id='word_1_32' title='bbox 903 664 934 731; x_wconf 75' lang='grc' dir='ltr'><strong><em>δ’</em></strong></span> <span class='ocrx_word' id='word_1_33' title='bbox 959 667 1000 733; x_wconf 85' lang='grc' dir='ltr'><strong><em>οὐ</em></strong></span> <span class='ocrx_word' id='word_1_34' title='bbox 1023 673 1103 733; x_wconf 91' lang='grc' dir='ltr'><strong><em>πολ-</em></strong></span> 
     </span>
     <span class='ocr_line' id='line_1_6' title="bbox 85 769 1142 859; baseline 0.003 -25"><span class='ocrx_word' id='word_1_35' title='bbox 85 774 155 847; x_wconf 74' lang='grc' dir='ltr'><strong><em>λοῖς</em></strong></span> <span class='ocrx_word' id='word_1_36' title='bbox 179 779 246 836; x_wconf 91' lang='grc' dir='ltr'><strong><em>τῶν</em></strong></span> <span class='ocrx_word' id='word_1_37' title='bbox 268 779 334 836; x_wconf 90' lang='grc' dir='ltr'><strong><em>νῦν</em></strong></span> <span class='ocrx_word' id='word_1_38' title='bbox 355 772 529 855; x_wconf 91' lang='grc' dir='ltr'><strong><em>πρότερον,</em></strong></span> <span class='ocrx_word' id='word_1_39' title='bbox 553 769 636 836; x_wconf 88' lang='grc' dir='ltr'><strong><em>ἀλλά</em></strong></span> <span class='ocrx_word' id='word_1_40' title='bbox 659 774 772 855; x_wconf 92' lang='grc' dir='ltr'><strong><em>τρίτον</em></strong></span> <span class='ocrx_word' id='word_1_41' title='bbox 791 771 811 855; x_wconf 75' lang='grc' dir='ltr'><strong><em>ἣ</em></strong></span> <span class='ocrx_word' id='word_1_42' title='bbox 830 770 986 859; x_wconf 90' lang='grc' dir='ltr'><strong><em>τέταρτον</em></strong></span> <span class='ocrx_word' id='word_1_43' title='bbox 1008 774 1099 841; x_wconf 87' lang='grc' dir='ltr'><strong><em>τοῦτ’</em></strong></span> <span class='ocrx_word' id='word_1_44' title='bbox 1129 798 1142 837; x_wconf 83' lang='lat'><strong>5</strong></span> 
     </span>
     <span class='ocr_line' id='line_1_7' title="bbox 84 873 1102 967; baseline 0.006 -26"><span class='ocrx_word' id='word_1_45' title='bbox 84 877 157 954; x_wconf 84' lang='grc' dir='ltr'><strong><em>ἐτος</em></strong></span> <span class='ocrx_word' id='word_1_46' title='bbox 176 877 213 941; x_wconf 82' lang='lat' dir='ltr'><strong><em>oc</em></strong></span> <span class='ocrx_word' id='word_1_47' title='bbox 225 873 423 942; x_wconf 86' lang='grc' dir='ltr'><strong><em>πενέστατοί</em></strong></span> <span class='ocrx_word' id='word_1_48' title='bbox 437 899 472 941; x_wconf 87' lang='grc' dir='ltr'><strong><em>τε</em></strong></span> <span class='ocrx_word' id='word_1_49' title='bbox 490 874 546 941; x_wconf 79' lang='grc' dir='ltr'><strong><em>καὶ</em></strong></span> <span class='ocrx_word' id='word_1_50' title='bbox 567 875 742 962; x_wconf 76' lang='grc' dir='ltr'><strong><em>ἀργότατοι</em></strong></span> <span class='ocrx_word' id='word_1_51' title='bbox 756 890 823 943; x_wconf 88' lang='grc' dir='ltr'><strong><em>τῶν</em></strong></span> <span class='ocrx_word' id='word_1_52' title='bbox 837 885 981 946; x_wconf 89' lang='grc' dir='ltr'><strong><em>πολιτῶν</em></strong></span> <span class='ocrx_word' id='word_1_53' title='bbox 1000 903 1102 967; x_wconf 93' lang='grc' dir='ltr'><strong><em>πονη-</em></strong></span> 
     </span>
     <span class='ocr_line' id='line_1_8' title="bbox 83 983 1102 1073; baseline 0.005 -25"><span class='ocrx_word' id='word_1_54' title='bbox 83 994 155 1068; x_wconf 79' lang='grc' dir='ltr'><strong><em>ροῖς</em></strong></span> <span class='ocrx_word' id='word_1_55' title='bbox 178 983 382 1068; x_wconf 78' lang='grc' dir='ltr'><strong><em>χρησάμενοι</em></strong></span> <span class='ocrx_word' id='word_1_56' title='bbox 404 983 606 1068; x_wconf 77' lang='grc' dir='ltr'><strong><em>προστάταις</em></strong></span> <span class='ocrx_word' id='word_1_57' title='bbox 623 985 707 1049; x_wconf 85' lang='grc' dir='ltr'><strong><em>ἀλλα</em></strong></span> <span class='ocrx_word' id='word_1_58' title='bbox 724 1007 760 1050; x_wconf 87' lang='grc' dir='ltr'><strong><em>τε</em></strong></span> <span class='ocrx_word' id='word_1_59' title='bbox 782 987 889 1050; x_wconf 80' lang='grc' dir='ltr'><strong><em>πολλὰ</em></strong></span> <span class='ocrx_word' id='word_1_60' title='bbox 912 985 1102 1073; x_wconf 80' lang='grc' dir='ltr'><strong><em>ἐξύβρισαν,</em></strong></span> 
     </span>
     <span class='ocr_line' id='line_1_9' title="bbox 83 1087 1100 1180; baseline 0.005 -26"><span class='ocrx_word' id='word_1_61' title='bbox 83 1087 136 1154; x_wconf 85' lang='grc' dir='ltr'><strong><em>καλ</em></strong></span> <span class='ocrx_word' id='word_1_62' title='bbox 164 1095 379 1166; x_wconf 77' lang='grc' dir='ltr'><strong><em>τελευτῶντες</em></strong></span> <span class='ocrx_word' id='word_1_63' title='bbox 405 1091 583 1155; x_wconf 84' lang='grc' dir='ltr'><strong><em>καταλύειν</em></strong></span> <span class='ocrx_word' id='word_1_64' title='bbox 609 1092 671 1174; x_wconf 81' lang='grc' dir='ltr'><strong><em>τὴν</em></strong></span> <span class='ocrx_word' id='word_1_65' title='bbox 693 1091 947 1178; x_wconf 82' lang='grc' dir='ltr'><strong><em>ἀριστοκρατίαν</em></strong></span> <span class='ocrx_word' id='word_1_66' title='bbox 977 1092 1100 1180; x_wconf 80' lang='grc' dir='ltr'><strong><em>ἐπεχεί-</em></strong></span> 
     </span>
     <span class='ocr_line' id='line_1_10' title="bbox 82 1187 1100 1285; baseline 0.004 -24"><span class='ocrx_word' id='word_1_67' title='bbox 82 1219 176 1281; x_wconf 89' lang='grc' dir='ltr'><strong><em>ρουν.</em></strong></span> <span class='ocrx_word' id='word_1_68' title='bbox 227 1193 279 1281; x_wconf 86' lang='grc' dir='ltr'><strong><em>ἐφ’</em></strong></span> <span class='ocrx_word' id='word_1_69' title='bbox 311 1187 362 1272; x_wconf 85' lang='grc' dir='ltr'><strong><em>οἷς</em></strong></span> <span class='ocrx_word' id='word_1_70' title='bbox 387 1197 529 1273; x_wconf 79' lang='grc' dir='ltr'><strong><em>ἅπαντες</em></strong></span> <span class='ocrx_word' id='word_1_71' title='bbox 555 1193 617 1280; x_wconf 76' lang='grc' dir='ltr'><strong><em>μέν</em></strong></span> <span class='ocrx_word' id='word_1_72' title='bbox 644 1198 680 1262; x_wconf 87' lang='grc' dir='ltr'><strong><em>οί</em></strong></span> <span class='ocrx_word' id='word_1_73' title='bbox 704 1207 762 1282; x_wconf 78' lang='grc' dir='ltr'><strong><em>τῆς</em></strong></span> <span class='ocrx_word' id='word_1_74' title='bbox 788 1202 913 1282; x_wconf 74' lang='grc' dir='ltr'><strong><em>βουλῆς</em></strong></span> <span class='ocrx_word' id='word_1_75' title='bbox 940 1217 1100 1285; x_wconf 88' lang='grc' dir='ltr'><strong><em>προεστη-</em></strong></span> 
     </span>
     <span class='ocr_line' id='line_1_11' title="bbox 80 1303 1142 1390; baseline 0.001 -23"><span class='ocrx_word' id='word_1_76' title='bbox 80 1305 174 1380; x_wconf 89' lang='grc' dir='ltr'><strong><em>κότες</em></strong></span> <span class='ocrx_word' id='word_1_77' title='bbox 199 1304 347 1389; x_wconf 69' lang='grc' dir='ltr'><strong><em>ἤχθοντο</em></strong></span> <span class='ocrx_word' id='word_1_78' title='bbox 375 1306 446 1387; x_wconf 91' lang='grc' dir='ltr'><strong><em>καί,</em></strong></span> <span class='ocrx_word' id='word_1_79' title='bbox 479 1303 567 1381; x_wconf 81' lang='grc' dir='ltr'><strong><em>ὅπως</em></strong></span> <span class='ocrx_word' id='word_1_80' title='bbox 593 1305 785 1369; x_wconf 90' lang='grc' dir='ltr'><strong><em>παύσωνται</em></strong></span> <span class='ocrx_word' id='word_1_81' title='bbox 817 1314 875 1388; x_wconf 82' lang='grc' dir='ltr'><strong><em>της</em></strong></span> <span class='ocrx_word' id='word_1_82' title='bbox 906 1305 1034 1390; x_wconf 79' lang='grc' dir='ltr'><strong><em>ὕβρεως</em></strong></span> <span class='ocrx_word' id='word_1_83' title='bbox 1066 1308 1102 1372; x_wconf 91' lang='grc' dir='ltr'><strong><em>οί</em></strong></span> <span class='ocrx_word' id='word_1_84' title='bbox 1114 1327 1142 1368; x_wconf 83' lang='grc' dir='ltr'><strong><em>ιο</em></strong></span> 
     </span>
     <span class='ocr_line' id='line_1_12' title="bbox 79 1407 1134 1496; baseline 0.005 -22"><span class='ocrx_word' id='word_1_85' title='bbox 79 1418 254 1487; x_wconf 79' lang='grc' dir='ltr'><strong><em>κινοῦντες</em></strong></span> <span class='ocrx_word' id='word_1_86' title='bbox 275 1410 337 1494; x_wconf 81' lang='grc' dir='ltr'><strong><em>τὴν</em></strong></span> <span class='ocrx_word' id='word_1_87' title='bbox 358 1413 540 1494; x_wconf 90' lang='grc' dir='ltr'><strong><em>πολιτείαν,</em></strong></span> <span class='ocrx_word' id='word_1_88' title='bbox 563 1421 699 1475; x_wconf 80' lang='grc' dir='ltr'><strong><em>σκοπεῖν</em></strong></span> <span class='ocrx_word' id='word_1_89' title='bbox 719 1409 845 1494; x_wconf 81' lang='grc' dir='ltr'><strong><em>ἠξίουν.</em></strong></span> <span class='ocrx_word' id='word_1_90' title='bbox 891 1407 975 1496; x_wconf 65' lang='grc' dir='ltr'><strong><em>ὑπὲρ</em></strong></span> <span class='ocrx_word' id='word_1_91' title='bbox 994 1413 1134 1482; x_wconf 82' lang='grc' dir='ltr'><strong><em>ἅπαν-5</em></strong></span> 
     </span>
     <span class='ocr_line' id='line_1_13' title="bbox 79 1512 1099 1604; baseline 0.003 -23"><span class='ocrx_word' id='word_1_92' title='bbox 79 1541 137 1594; x_wconf 90' lang='grc' dir='ltr'><strong><em>τας</em></strong></span> <span class='ocrx_word' id='word_1_93' title='bbox 161 1512 199 1582; x_wconf 72' lang='grc' dir='ltr'><strong><em>δὲ</em></strong></span> <span class='ocrx_word' id='word_1_94' title='bbox 221 1520 300 1593; x_wconf 87' lang='grc' dir='ltr'><strong><em>τοὺς</em></strong></span> <span class='ocrx_word' id='word_1_95' title='bbox 323 1515 614 1603; x_wconf 83' lang='grc' dir='ltr'><strong><em>ἀριστοκρατικοὺς</em></strong></span> <span class='ocrx_word' id='word_1_96' title='bbox 637 1516 674 1582; x_wconf 83' lang='grc' dir='ltr'><strong><em>ἐκ</em></strong></span> <span class='ocrx_word' id='word_1_97' title='bbox 696 1514 757 1600; x_wconf 70' lang='grc' dir='ltr'><strong><em>μέν</em></strong></span> <span class='ocrx_word' id='word_1_98' title='bbox 779 1527 847 1582; x_wconf 89' lang='grc' dir='ltr'><strong><em>τῶν</em></strong></span> <span class='ocrx_word' id='word_1_99' title='bbox 865 1515 1099 1604; x_wconf 78' lang='grc' dir='ltr'><strong><em>πρεσβυτέρων</em></strong></span> 
     </span>
     <span class='ocr_line' id='line_1_14' title="bbox 71 1620 1100 1709; baseline 0.004 -23"><span class='ocrx_word' id='word_1_100' title='bbox 71 1620 213 1700; x_wconf 81' lang='grc' dir='ltr'><strong><em>’Ἀππιος</em></strong></span> <span class='ocrx_word' id='word_1_101' title='bbox 235 1622 320 1708; x_wconf 78' lang='grc' dir='ltr'><strong><em>ἀνὴρ</em></strong></span> <span class='ocrx_word' id='word_1_102' title='bbox 343 1628 476 1689; x_wconf 82' lang='grc' dir='ltr'><strong><em>πολλῶν</em></strong></span> <span class='ocrx_word' id='word_1_103' title='bbox 500 1621 590 1701; x_wconf 88' lang='grc' dir='ltr'><strong><em>ἀξιος</em></strong></span> <span class='ocrx_word' id='word_1_104' title='bbox 612 1621 724 1688; x_wconf 80' lang='grc' dir='ltr'><strong><em>ἕνεκεν</em></strong></span> <span class='ocrx_word' id='word_1_105' title='bbox 748 1622 973 1709; x_wconf 78' lang='grc' dir='ltr'><strong><em>ἐπαινεῖσθαι,</em></strong></span> <span class='ocrx_word' id='word_1_106' title='bbox 1003 1623 1038 1689; x_wconf 87' lang='grc' dir='ltr'><strong><em>ἐκ</em></strong></span> <span class='ocrx_word' id='word_1_107' title='bbox 1063 1622 1100 1690; x_wconf 71' lang='grc' dir='ltr'><strong><em>δὲ</em></strong></span> 
     </span>
     <span class='ocr_line' id='line_1_15' title="bbox 77 1728 1100 1815; baseline 0.003 -21"><span class='ocrx_word' id='word_1_108' title='bbox 77 1740 147 1795; x_wconf 85' lang='grc' dir='ltr'><strong><em>τῶν</em></strong></span> <span class='ocrx_word' id='word_1_109' title='bbox 169 1728 342 1815; x_wconf 90' lang='grc' dir='ltr'><strong><em>νεωτέρων</em></strong></span> <span class='ocrx_word' id='word_1_110' title='bbox 361 1729 440 1813; x_wconf 84' lang='grc' dir='ltr'><strong><em>ἐγώ·</em></strong></span> <span class='ocrx_word' id='word_1_111' title='bbox 464 1728 519 1795; x_wconf 84' lang='grc' dir='ltr'><strong><em>καλ</em></strong></span> <span class='ocrx_word' id='word_1_112' title='bbox 538 1732 659 1813; x_wconf 84' lang='grc' dir='ltr'><strong><em>λόγους</em></strong></span> <span class='ocrx_word' id='word_1_113' title='bbox 677 1728 882 1815; x_wconf 69' lang='grc' dir='ltr'><strong><em>ἐποιούμεθα</em></strong></span> <span class='ocrx_word' id='word_1_114' title='bbox 902 1732 958 1795; x_wconf 78' lang='grc' dir='ltr'><strong><em>(1ιά</em></strong></span> <span class='ocrx_word' id='word_1_115' title='bbox 975 1734 1100 1808; x_wconf 85' lang='grc' dir='ltr'><strong><em>παντὸς</em></strong></span> 
     </span>
     <span class='ocr_line' id='line_1_16' title="bbox 77 1833 1137 1925; baseline -0.003 -24"><span class='ocrx_word' id='word_1_116' title='bbox 77 1834 132 1901; x_wconf 78' lang='grc' dir='ltr'><strong><em>ἐπὶ</em></strong></span> <span class='ocrx_word' id='word_1_117' title='bbox 150 1845 209 1920; x_wconf 78' lang='grc' dir='ltr'><strong><em>της</em></strong></span> <span class='ocrx_word' id='word_1_118' title='bbox 226 1839 350 1920; x_wconf 78' lang='grc' dir='ltr'><strong><em>βουλῆς</em></strong></span> <span class='ocrx_word' id='word_1_119' title='bbox 369 1833 569 1921; x_wconf 84' lang='grc' dir='ltr'><strong><em>ἐλευθέρους</em></strong></span> <span class='ocrx_word' id='word_1_120' title='bbox 587 1835 629 1901; x_wconf 90' lang='grc' dir='ltr'><strong><em>ού</em></strong></span> <span class='ocrx_word' id='word_1_121' title='bbox 647 1837 742 1925; x_wconf 77' lang='grc' dir='ltr'><strong><em>δήμῳ</em></strong></span> <span class='ocrx_word' id='word_1_122' title='bbox 761 1841 994 1921; x_wconf 88' lang='grc' dir='ltr'><strong><em>πολεμοῦντες,</em></strong></span> <span class='ocrx_word' id='word_1_123' title='bbox 1013 1836 1097 1903; x_wconf 89' lang='grc' dir='ltr'><strong><em>ἀλλά</em></strong></span> <span class='ocrx_word' id='word_1_124' title='bbox 1112 1859 1137 1899; x_wconf 84' lang='lat'><strong><em>15</em></strong></span> 
     </span>
     <span class='ocr_line' id='line_1_17' title="bbox 75 1938 1097 2029; baseline -0.001 -21"><span class='ocrx_word' id='word_1_125' title='bbox 75 1946 346 2029; x_wconf 86' lang='grc' dir='ltr'><strong><em>πονηροκρατίαν</em></strong></span> <span class='ocrx_word' id='word_1_126' title='bbox 354 1943 579 2028; x_wconf 85' lang='grc' dir='ltr'><strong><em>ὑφορώμενοι,</em></strong></span> <span class='ocrx_word' id='word_1_127' title='bbox 593 1938 673 2007; x_wconf 72' lang='grc' dir='ltr'><strong><em>οὐδὲ</em></strong></span> <span class='ocrx_word' id='word_1_128' title='bbox 686 1944 1010 2009; x_wconf 75' lang='grc' dir='ltr'><strong><em>καταδουλώσασθαί</em></strong></span> <span class='ocrx_word' id='word_1_129' title='bbox 1022 1968 1097 2009; x_wconf 93' lang='grc' dir='ltr'><strong><em>τινα</em></strong></span> 
     </span>
     <span class='ocr_line' id='line_1_18' title="bbox 74 2044 1096 2135; baseline 0.001 -21"><span class='ocrx_word' id='word_1_130' title='bbox 74 2051 279 2133; x_wconf 86' lang='grc' dir='ltr'><strong><em>βουλόμενοι</em></strong></span> <span class='ocrx_word' id='word_1_131' title='bbox 302 2047 487 2133; x_wconf 88' lang='grc' dir='ltr'><strong><em>Ῥωμαίων,</em></strong></span> <span class='ocrx_word' id='word_1_132' title='bbox 516 2047 600 2114; x_wconf 90' lang='grc' dir='ltr'><strong><em>ἀλλά</em></strong></span> <span class='ocrx_word' id='word_1_133' title='bbox 622 2051 660 2114; x_wconf 94' lang='grc' dir='ltr'><strong><em>τὸ</em></strong></span> <span class='ocrx_word' id='word_1_134' title='bbox 683 2044 745 2133; x_wconf 71' lang='grc' dir='ltr'><strong><em>μὲν</em></strong></span> <span class='ocrx_word' id='word_1_135' title='bbox 769 2048 949 2135; x_wconf 84' lang='grc' dir='ltr'><strong><em>ἐλεύθερον</em></strong></span> <span class='ocrx_word' id='word_1_136' title='bbox 972 2050 1096 2115; x_wconf 83' lang='grc' dir='ltr'><strong><em>άπασιν</em></strong></span> 
     </span>
    </p>

    <p class='ocr_par' dir='ltr' id='par_1_3' title="bbox 10 2152 1097 2347">
     <span class='ocr_line' id='line_1_19' title="bbox 10 2152 1097 2242; baseline 0.001 -21"><span class='ocrx_word' id='word_1_137' title='bbox 10 2153 249 2233; x_wconf 74' lang='grc' dir='ltr'><strong><em>[ωοάξιοῦντες</em></strong></span> <span class='ocrx_word' id='word_1_138' title='bbox 274 2156 452 2242; x_wconf 81' lang='grc' dir='ltr'><strong><em>ὑπάρχειν,</em></strong></span> <span class='ocrx_word' id='word_1_139' title='bbox 483 2157 545 2240; x_wconf 81' lang='grc' dir='ltr'><strong><em>τὴν</em></strong></span> <span class='ocrx_word' id='word_1_140' title='bbox 573 2152 611 2221; x_wconf 75' lang='grc' dir='ltr'><strong><em>δὲ</em></strong></span> <span class='ocrx_word' id='word_1_141' title='bbox 637 2159 842 2242; x_wconf 87' lang='grc' dir='ltr'><strong><em>προστασίαν</em></strong></span> <span class='ocrx_word' id='word_1_142' title='bbox 873 2167 941 2222; x_wconf 89' lang='grc' dir='ltr'><strong><em>τῶν</em></strong></span> <span class='ocrx_word' id='word_1_143' title='bbox 973 2167 1097 2222; x_wconf 84' lang='grc' dir='ltr'><strong><em>κοινῶν</em></strong></span> 
     </span>
     <span class='ocr_line' id='line_1_20' title="bbox 72 2259 597 2347; baseline 0 -21"><span class='ocrx_word' id='word_1_144' title='bbox 72 2259 306 2328; x_wconf 77' lang='grc' dir='ltr'><strong><em>ἀποόεόόσθαι</em></strong></span> <span class='ocrx_word' id='word_1_145' title='bbox 328 2274 399 2340; x_wconf 77' lang='grc' dir='ltr'><strong><em>τοῖς</em></strong></span> <span class='ocrx_word' id='word_1_146' title='bbox 421 2265 597 2347; x_wconf 88' lang='grc' dir='ltr'><strong><em>κρείττοσι.</em></strong></span> 
     </span>
    </p>

    <p class='ocr_par' dir='ltr' id='par_1_4' title="bbox 73 2367 1135 2773">
     <span class='ocr_line' id='line_1_21' title="bbox 143 2367 1135 2455; baseline -0.003 -22"><span class='ocrx_word' id='word_1_147' title='bbox 143 2367 201 2433; x_wconf 88' lang='lat' dir='ltr'><strong><em>VI.</em></strong></span> <span class='ocrx_word' id='word_1_148' title='bbox 239 2367 345 2433; x_wconf 88' lang='grc' dir='ltr'><strong><em>Ταῦθ’</em></strong></span> <span class='ocrx_word' id='word_1_149' title='bbox 376 2369 519 2454; x_wconf 84' lang='grc' dir='ltr'><strong><em>ὁρῶντες</em></strong></span> <span class='ocrx_word' id='word_1_150' title='bbox 548 2370 584 2434; x_wconf 84' lang='grc' dir='ltr'><strong><em>ολ</em></strong></span> <span class='ocrx_word' id='word_1_151' title='bbox 607 2371 828 2454; x_wconf 80' lang='grc' dir='ltr'><strong><em>πονηρότατοι</em></strong></span> <span class='ocrx_word' id='word_1_152' title='bbox 854 2380 915 2435; x_wconf 91' lang='grc' dir='ltr'><strong><em>τοῦ</em></strong></span> <span class='ocrx_word' id='word_1_153' title='bbox 941 2372 1094 2455; x_wconf 76' lang='grc' dir='ltr'><strong><em>πλήθους</em></strong></span> <span class='ocrx_word' id='word_1_154' title='bbox 1109 2391 1135 2431; x_wconf 88' lang='grc' dir='ltr'><strong><em>εο</em></strong></span> 
     </span>
     <span class='ocr_line' id='line_1_22' title="bbox 74 2472 1093 2562; baseline 0.003 -23"><span class='ocrx_word' id='word_1_155' title='bbox 74 2472 200 2540; x_wconf 77' lang='grc' dir='ltr'><strong><em>ἐκτείνοι</em></strong></span> <span class='ocrx_word' id='word_1_156' title='bbox 226 2474 406 2559; x_wconf 86' lang='grc' dir='ltr'><strong><em>προστάται</em></strong></span> <span class='ocrx_word' id='word_1_157' title='bbox 433 2476 586 2560; x_wconf 83' lang='grc' dir='ltr'><strong><em>πρώτους</em></strong></span> <span class='ocrx_word' id='word_1_158' title='bbox 613 2476 763 2558; x_wconf 81' lang='grc' dir='ltr'><strong><em>ἔγνωσαν</em></strong></span> <span class='ocrx_word' id='word_1_159' title='bbox 789 2474 872 2560; x_wconf 81' lang='grc' dir='ltr'><strong><em>ἡμᾶς</em></strong></span> <span class='ocrx_word' id='word_1_160' title='bbox 893 2479 971 2553; x_wconf 87' lang='grc' dir='ltr'><strong><em>τοὺς</em></strong></span> <span class='ocrx_word' id='word_1_161' title='bbox 992 2501 1093 2562; x_wconf 87' lang='grc' dir='ltr'><strong><em>φανε-</em></strong></span> 
     </span>
     <span class='ocr_line' id='line_1_23' title="bbox 73 2578 1094 2666; baseline 0.002 -21"><span class='ocrx_word' id='word_1_162' title='bbox 73 2581 205 2666; x_wconf 82' lang='grc' dir='ltr'><strong><em>ρώτατα</em></strong></span> <span class='ocrx_word' id='word_1_163' title='bbox 238 2578 516 2665; x_wconf 81' lang='grc' dir='ltr'><strong><em>ἐναντιουμένους</em></strong></span> <span class='ocrx_word' id='word_1_164' title='bbox 547 2583 663 2665; x_wconf 87' lang='grc' dir='ltr'><strong><em>σφίσιν</em></strong></span> <span class='ocrx_word' id='word_1_165' title='bbox 696 2580 845 2646; x_wconf 75' lang='grc' dir='ltr'><strong><em>ἐκποδὼν</em></strong></span> <span class='ocrx_word' id='word_1_166' title='bbox 876 2583 1094 2666; x_wconf 78' lang='grc' dir='ltr'><strong><em>ποιήσασθαι,</em></strong></span> 
     </span>
     <span class='ocr_line' id='line_1_24' title="bbox 73 2683 1093 2773; baseline 0.004 -22"><span class='ocrx_word' id='word_1_167' title='bbox 73 2686 136 2772; x_wconf 84' lang='grc' dir='ltr'><strong><em>οὐχ</em></strong></span> <span class='ocrx_word' id='word_1_168' title='bbox 159 2683 215 2771; x_wconf 79' lang='grc' dir='ltr'><strong><em>ἀμ’</em></strong></span> <span class='ocrx_word' id='word_1_169' title='bbox 238 2685 438 2773; x_wconf 78' lang='grc' dir='ltr'><strong><em>ἀμφοτέροις</em></strong></span> <span class='ocrx_word' id='word_1_170' title='bbox 461 2686 738 2773; x_wconf 78' lang='grc' dir='ltr'><strong><em>ἐπιχειρήσαντες,</em></strong></span> <span class='ocrx_word' id='word_1_171' title='bbox 761 2687 881 2772; x_wconf 77' lang='grc' dir='ltr'><strong><em>ἵναμὴ</em></strong></span> <span class='ocrx_word' id='word_1_172' title='bbox 904 2687 1093 2772; x_wconf 81' lang='grc' dir='ltr'><strong><em>ἐπίφθονόν</em></strong></span> 
     </span>
    </p>
   </div>
   <div class='ocr_carea' id='block_1_3' title="bbox 70 2789 1131 3092">
    <p class='ocr_par' dir='ltr' id='par_1_5' title="bbox 70 2789 1131 3092">
     <span class='ocr_line' id='line_1_25' title="bbox 71 2789 1092 2881; baseline 0.001 -24"><span class='ocrx_word' id='word_1_173' title='bbox 71 2814 107 2857; x_wconf 88' lang='grc' dir='ltr'><strong><em>τε</em></strong></span> <span class='ocrx_word' id='word_1_174' title='bbox 135 2790 192 2857; x_wconf 81' lang='grc' dir='ltr'><strong><em>καὶ</em></strong></span> <span class='ocrx_word' id='word_1_175' title='bbox 219 2796 306 2879; x_wconf 86' lang='grc' dir='ltr'><strong><em>βαρὺ</em></strong></span> <span class='ocrx_word' id='word_1_176' title='bbox 333 2795 371 2858; x_wconf 91' lang='grc' dir='ltr'><strong><em>τὸ</em></strong></span> <span class='ocrx_word' id='word_1_177' title='bbox 399 2803 533 2881; x_wconf 89' lang='grc' dir='ltr'><strong><em>πρᾶγμα</em></strong></span> <span class='ocrx_word' id='word_1_178' title='bbox 560 2791 709 2878; x_wconf 83' lang='grc' dir='ltr'><strong><em>γένηται,</em></strong></span> <span class='ocrx_word' id='word_1_179' title='bbox 742 2789 812 2858; x_wconf 86' lang='grc' dir='ltr'><strong><em>ἀλλ’</em></strong></span> <span class='ocrx_word' id='word_1_180' title='bbox 841 2791 896 2858; x_wconf 86' lang='grc' dir='ltr'><strong><em>ἀπ’</em></strong></span> <span class='ocrx_word' id='word_1_181' title='bbox 923 2793 1004 2878; x_wconf 85' lang='grc' dir='ltr'><strong><em>ἐμοῦ</em></strong></span> <span class='ocrx_word' id='word_1_182' title='bbox 1032 2803 1092 2859; x_wconf 87' lang='grc' dir='ltr'><strong><em>τοῦ</em></strong></span> 
     </span>
     <span class='ocr_line' id='line_1_26' title="bbox 70 2896 1131 2986; baseline 0.001 -22"><span class='ocrx_word' id='word_1_183' title='bbox 70 2896 239 2985; x_wconf 86' lang='grc' dir='ltr'><strong><em>νεωτέρου</em></strong></span> <span class='ocrx_word' id='word_1_184' title='bbox 266 2923 301 2964; x_wconf 92' lang='grc' dir='ltr'><strong><em>τε</em></strong></span> <span class='ocrx_word' id='word_1_185' title='bbox 330 2896 385 2965; x_wconf 87' lang='grc' dir='ltr'><strong><em>καλ</em></strong></span> <span class='ocrx_word' id='word_1_186' title='bbox 415 2897 778 2986; x_wconf 85' lang='grc' dir='ltr'><strong><em>εὐμεταχειριστοτέρου</em></strong></span> <span class='ocrx_word' id='word_1_187' title='bbox 815 2897 1003 2985; x_wconf 83' lang='grc' dir='ltr'><strong><em>ἀρξάμενοι.</em></strong></span> <span class='ocrx_word' id='word_1_188' title='bbox 1053 2902 1090 2965; x_wconf 92' lang='grc' dir='ltr'><strong><em>τὸ</em></strong></span> <span class='ocrx_word' id='word_1_189' title='bbox 1104 2916 1131 2956; x_wconf 80' lang='lat'><strong><em>2⁵</em></strong></span> 
     </span>
     <span class='ocr_line' id='line_1_27' title="bbox 70 2999 1090 3092; baseline 0 -22"><span class='ocrx_word' id='word_1_190' title='bbox 70 3001 135 3089; x_wconf 71' lang='grc' dir='ltr'><strong><em>μὲν</em></strong></span> <span class='ocrx_word' id='word_1_191' title='bbox 167 2999 229 3070; x_wconf 82' lang='grc' dir='ltr'><strong><em>οὖν</em></strong></span> <span class='ocrx_word' id='word_1_192' title='bbox 263 3017 395 3092; x_wconf 86' lang='grc' dir='ltr'><strong><em>πρῶτον</em></strong></span> <span class='ocrx_word' id='word_1_193' title='bbox 430 3006 566 3092; x_wconf 83' lang='grc' dir='ltr'><strong><em>άκριτόν</em></strong></span> <span class='ocrx_word' id='word_1_194' title='bbox 597 3029 637 3091; x_wconf 92' lang='grc' dir='ltr'><strong><em>με</em></strong></span> <span class='ocrx_word' id='word_1_195' title='bbox 674 3004 889 3090; x_wconf 84' lang='grc' dir='ltr'><strong><em>ἐπεχείρησαν</em></strong></span> <span class='ocrx_word' id='word_1_196' title='bbox 921 3004 1090 3088; x_wconf 83' lang='grc' dir='ltr'><strong><em>ἀπολέσαι,</em></strong></span> 
     </span>
    </p>
   </div>
   <div class='ocr_carea' id='block_1_4' title="bbox 65 3232 1095 3517">
    <p class='ocr_par' dir='ltr' id='par_1_6' title="bbox 65 3232 1095 3517">
     <span class='ocr_line' id='line_1_28' title="bbox 144 3232 1094 3304; baseline 0 -18"><span class='ocrx_word' id='word_1_197' title='bbox 144 3238 180 3286; x_wconf 91' lang='grc'><strong><em>10</em></strong></span> <span class='ocrx_word' id='word_1_198' title='bbox 198 3232 355 3287; x_wconf 87' lang='grc' dir='ltr'><strong><em>παύσονται</em></strong></span> <span class='ocrx_word' id='word_1_199' title='bbox 373 3249 396 3289; x_wconf 85' lang='grc' dir='ltr'><strong><em>ο.</em></strong></span> <span class='ocrx_word' id='word_1_200' title='bbox 415 3233 546 3288; x_wconf 77' lang='lat' dir='ltr'>Hertlein</span> <span class='ocrx_word' id='word_1_201' title='bbox 562 3233 679 3287; x_wconf 83' lang='lat' dir='ltr'>Hermes</span> <span class='ocrx_word' id='word_1_202' title='bbox 698 3233 721 3286; x_wconf 90' lang='lat' dir='ltr'>X</span> <span class='ocrx_word' id='word_1_203' title='bbox 742 3248 770 3300; x_wconf 89' lang='lat' dir='ltr'><strong><em>p.</em></strong></span> <span class='ocrx_word' id='word_1_204' title='bbox 785 3239 837 3286; x_wconf 79' lang='lat'><strong><em>417</em></strong></span> <span class='ocrx_word' id='word_1_205' title='bbox 917 3238 950 3286; x_wconf 76' lang='lat'><strong><em>12</em></strong></span> <span class='ocrx_word' id='word_1_206' title='bbox 969 3234 1094 3304; x_wconf 87' lang='grc' dir='ltr'><strong><em>πρεσβυ-</em></strong></span> 
     </span>
     <span class='ocr_line' id='line_1_29' title="bbox 67 3301 1093 3360; baseline 0 -2"><span class='ocrx_word' id='word_1_207' title='bbox 67 3304 162 3358; x_wconf 89' lang='grc' dir='ltr'><strong><em>τάτων</em></strong></span> <span class='ocrx_word' id='word_1_208' title='bbox 183 3301 205 3358; x_wconf 95' lang='grc'>0</span> <span class='ocrx_word' id='word_1_209' title='bbox 225 3319 294 3358; x_wconf 82' lang='lat' dir='ltr'><strong>corr,</strong></span> <span class='ocrx_word' id='word_1_210' title='bbox 313 3303 417 3360; x_wconf 77' lang='lat' dir='ltr'>Reiske</span> <span class='ocrx_word' id='word_1_211' title='bbox 510 3311 542 3359; x_wconf 84' lang='lat'><strong><em>13</em></strong></span> <span class='ocrx_word' id='word_1_212' title='bbox 561 3302 673 3359; x_wconf 51' lang='grc' dir='ltr'><strong><em>1*ἕνεκα</em></strong></span> <span class='ocrx_word' id='word_1_213' title='bbox 691 3304 717 3356; x_wconf 91' lang='lat' dir='ltr'>A</span> <span class='ocrx_word' id='word_1_214' title='bbox 741 3302 822 3359; x_wconf 82' lang='grc' dir='ltr'><strong><em>ένικα</em></strong></span> <span class='ocrx_word' id='word_1_215' title='bbox 840 3304 863 3357; x_wconf 93' lang='grc' dir='ltr'>Β</span> <span class='ocrx_word' id='word_1_216' title='bbox 888 3302 934 3358; x_wconf 75' lang='grc' dir='ltr'><strong><em>ἓνε</em></strong></span> <span class='ocrx_word' id='word_1_217' title='bbox 959 3324 977 3357; x_wconf 92' lang='grc' dir='ltr'><strong><em>α</em></strong></span> <span class='ocrx_word' id='word_1_218' title='bbox 998 3320 1052 3360; x_wconf 89' lang='lat' dir='ltr'><strong><em>om.</em></strong></span> <span class='ocrx_word' id='word_1_219' title='bbox 1073 3302 1093 3358; x_wconf 79' lang='lat' dir='ltr'>C</span> 
     </span>
     <span class='ocr_line' id='line_1_30' title="bbox 68 3372 1095 3449; baseline -0.001 -20"><span class='ocrx_word' id='word_1_220' title='bbox 68 3373 135 3430; x_wconf 53' lang='lat' dir='ltr'><strong><em>add„</em></strong></span> <span class='ocrx_word' id='word_1_221' title='bbox 154 3373 230 3444; x_wconf 81' lang='lat' dir='ltr'><strong><em>Omg</em></strong></span> <span class='ocrx_word' id='word_1_222' title='bbox 248 3372 344 3430; x_wconf 72' lang='grc' dir='ltr'><strong><em>ἕνεκεν</em></strong></span> <span class='ocrx_word' id='word_1_223' title='bbox 362 3392 414 3446; x_wconf 85' lang='lat' dir='ltr'><strong><em>ego</em></strong></span> <span class='ocrx_word' id='word_1_224' title='bbox 487 3381 520 3430; x_wconf 78' lang='lat'><strong><em>17</em></strong></span> <span class='ocrx_word' id='word_1_225' title='bbox 536 3375 700 3449; x_wconf 87' lang='grc' dir='ltr'><strong><em>βουλόμενοι</em></strong></span> <span class='ocrx_word' id='word_1_226' title='bbox 713 3375 777 3429; x_wconf 80' lang='lat' dir='ltr'><strong>add.</strong></span> <span class='ocrx_word' id='word_1_227' title='bbox 793 3376 814 3428; x_wconf 96' lang='grc' dir='ltr'>Β</span> <span class='ocrx_word' id='word_1_228' title='bbox 889 3377 1095 3444; x_wconf 82' lang='grc' dir='ltr'><strong><em>18κάξιοῦντες</em></strong></span> 
     </span>
     <span class='ocr_line' id='line_1_31' title="bbox 65 3443 925 3517; baseline 0.002 -16"><span class='ocrx_word' id='word_1_229' title='bbox 65 3446 120 3516; x_wconf 78' lang='grc' dir='ltr'><strong><em>τὴν</em></strong></span> <span class='ocrx_word' id='word_1_230' title='bbox 139 3443 164 3499; x_wconf 89' lang='grc' dir='ltr'>Β</span> <span class='ocrx_word' id='word_1_231' title='bbox 182 3446 327 3513; x_wconf 80' lang='grc' dir='ltr'><strong><em>ἀξιοῦντες</em></strong></span> <span class='ocrx_word' id='word_1_232' title='bbox 344 3444 419 3517; x_wconf 84' lang='grc' dir='ltr'><strong><em>ἐχειν</em></strong></span> <span class='ocrx_word' id='word_1_233' title='bbox 436 3447 488 3517; x_wconf 76' lang='grc' dir='ltr'><strong><em>τὴν</em></strong></span> <span class='ocrx_word' id='word_1_234' title='bbox 507 3445 532 3500; x_wconf 83' lang='lat' dir='ltr'>R</span> <span class='ocrx_word' id='word_1_235' title='bbox 550 3447 578 3504; x_wconf 87' lang='grc' dir='ltr'><strong><em>ἀ.</em></strong></span> <span class='ocrx_word' id='word_1_236' title='bbox 596 3445 733 3517; x_wconf 74' lang='grc' dir='ltr'><strong><em>ὑπάρχειν</em></strong></span> <span class='ocrx_word' id='word_1_237' title='bbox 751 3446 803 3516; x_wconf 79' lang='grc' dir='ltr'><strong><em>τὴν</em></strong></span> <span class='ocrx_word' id='word_1_238' title='bbox 820 3446 925 3503; x_wconf 81' lang='lat' dir='ltr'>Reiske</span> 
     </span>
    </p>
   </div>
   <div class='ocr_carea' id='block_1_5' title="bbox 891 3539 929 3594">
    <p class='ocr_par' dir='ltr' id='par_1_7' title="bbox 891 3539 929 3594">
     <span class='ocr_line' id='line_1_32' title="bbox 891 3539 929 3594; baseline 0 -20"><span class='ocrx_word' id='word_1_239' title='bbox 891 3539 929 3594; x_wconf 72' lang='lat'><strong><em>9*</em></strong></span> 
     </span>
    </p>
   </div>
   <div class='ocr_carea' id='block_1_6' title="bbox 0 0 1216 3848">
    <p class='ocr_par' dir='ltr' id='par_1_8' title="bbox 0 0 1216 3848">
     <span class='ocr_line' id='line_1_33' title="bbox 0 0 1216 3848; baseline 0 9"><span class='ocrx_word' id='word_1_240' title='bbox 0 0 1216 3848; x_wconf 95' lang='lat' dir='ltr'><strong><em> </em></strong></span> 
     </span>
    </p>
   </div>
  </div>
 </body>
</html>
