2424 3848
127 155 193 218 302
550 155 716 207 -Θ-

93 317 330 399 6σομπλοκαλς
360 313 531 400 διαφέρειν
563 318 674 398 [ἔγνω]
706 317 764 380 τὸν
794 318 948 399 πόλεμον.
1000 318 1144 394 Λεύκιος

127 420 156 486 θ’
176 424 340 505 Λίμίλιος,
358 423 376 488 ὁ
391 421 555 507 πεμφθείς
573 419 626 487 ἐπὶ
645 422 850 507 Τυρρηνούς,
868 423 976 507 εὑρών
991 422 1207 508 ἐξεστρα-ιτθι

126 525 306 611 τευμένονς
333 530 397 613 πρὸ
421 537 478 611 τῆς
500 532 627 605 πόλεως
645 511 727 605 ’τοὺς
751 527 975 612 Οὐιεντανοὺς
997 527 1052 592 καὶ
1067 532 1143 616 4σὺν

72 671 76 678 ·
128 634 240 710 αὐτοῖς
262 635 348 699 πολὺ
371 627 407 700 τὸ
430 636 519 719 παρά
542 646 608 700 τών
632 634 808 718 ὁμοεθνῶν
831 632 1059 718 έπικονρικόν,
1085 637 1142 700 ού-

100 736 187 804 τόλν
209 743 257 805 ἔτι
280 744 443 825 μελλήσας
465 743 566 826 ἔργον
590 738 856 826 είχετο·.ημέραν
875 737 921 823 θ’,
945 738 1001 825 ἀφ’
1025 736 1063 823 ἧς
1081 745 1142 807 τὸν

126 846 252 930 χάρακα
275 849 383 930 ἔθετο,
406 849 571 912 διαλιπών
589 846 681 930 ἐξῆγε
700 848 758 924 τὰς
777 847 936 931 δυνάμεις
954 849 1001 924 είς
1020 848 1142 932 μάχην,

91 946 95 953 ’
125 950 279 1037 θρασέως
314 947 402 1018 πάνο
439 965 506 1019 τῶν
544 953 764 1022 Οὐιεντανῶν
793 954 893 1037 ὁμόσε
931 954 1141 1038 χωρούντων.

102 1060 310 1143 ’ίσορρόπον
334 1056 370 1124 δέ
394 1071 453 1126 τοῦ
476 1059 605 1142 ἀγῶνος
627 1057 806 1143 γινομένου
829 1061 907 1135 τοὺς
931 1060 1038 1134 ίππεῖς
1062 1059 1141 1124 ἀνα-

127 1166 242 1248 λαβών
269 1164 388 1231 ἐνσείει
417 1177 487 1242 τοῖς
515 1170 684 1249 πολεμίοις
713 1167 794 1230 κατά
824 1168 861 1231 τὸ
892 1165 1002 1242 δεξιὸν
1031 1165 1141 1250 κέρας,

87 1293 113 1331 ιο
126 1275 196 1354 καί,
226 1270 339 1356 ἐπειδὴ
357 1282 467 1345 ,τοῦτο
499 1263 730 1356 διεσάλευσεν,
757 1270 809 1338 ἐπὶ
838 1272 983 1356 θάτερον
1013 1271 1141 1356 ἐχώρει,

25 1427 28 1434 »
127 1376 211 1442 ὅπου
234 1374 296 1461 μὲν
320 1379 501 1462 ίππάσιμον
524 1385 575 1462 είη
599 1381 723 1463 χωρίον
741 1377 805 1443 ἀπὸ
825 1388 891 1443 τών
910 1378 1019 1442 ἵππων
1039 1359 1141 1463 μαχό-

126 1506 240 1566 μενος,
254 1483 352 1549 ’ὅπου
380 1481 411 1548 δ’
437 1485 581 1548 ἄνιππον
610 1484 883 1568 ἀποκαταβαίνων
910 1506 943 1548 τε
967 1481 1021 1547 καὶ
1045 1487 1141 1572 πεζὸς

127 1588 375 1673 ἀγωνιζόμενος.
412 1577 616 1654 πονούντων
631 1586 668 1653 δέ
689 1600 756 1654 τῶν
774 1590 921 1674 κεράτων
939 1587 1140 1674 ἀμφοτέρων

128 1691 200 1759 οὐδ’
224 1695 259 1758 oc
279 1696 360 1759 κατά
381 1693 483 1779 μέσον
501 1698 549 1760 έτι
567 1695 731 1780 ἀντεῖχον,
754 1692 825 1760 ἀλλ’
844 1694 1056 1781 ἐξεώσθησαν
1073 1695 1139 1762 ὑπὸ

87 1816 112 1856 1⁵
126 1810 193 1865 τών
221 1803 343 1883 πεζῶν,
373 1798 427 1865 καὶ
456 1803 536 1885 μετά
565 1811 663 1866 τοῦτο
690 1802 812 1878 πάντες
841 1802 967 1886 ἐφνγον
998 1799 1051 1865 ἐπὶ
1080 1804 1140 1867 τὸν

80 1907 114 1968 fl·
125 1905 260 1992 χάρακα.
306 1895 324 1972 ὃ
349 1903 379 1971 θ’
403 1910 556 1992 Αἰμίλιος
578 1909 758 1992 ἠκολούθει
780 1919 849 1983 τοῖς
872 1908 1038 1991 φεύγουσι
1060 1925 1140 1972 συν-

125 2010 325 2097 τεταγμένην
352 2016 414 2097 την
437 1999 581 2098 δύναμιν
604 2018 688 2099 ἔχων
712 2012 766 2078 καὶ
790 2016 933 2087 πολλοὺς
956 2003 1150 2100 διέφθειρε·

63 2105 65 2110 ’
125 2121 303 2202 γενόμενος
331 2117 368 2185 δὲ
390 2124 532 2203 πλησίον
549 2122 615 2186 ’τοῦ
638 2117 856 2206 χώρακοςκαὶ
879 2120 1081 2204 προσβαλὼν
1105 2120 1140 2185 ἐκ

127 2226 283 2316 διαδοχῆς
314 2225 444 2309 ἐκείνην
474 2250 508 2291 τε
540 2225 715 2310 παρέμεινε
746 2228 806 2309 τὴν
836 2223 963 2310 ἡμέραν
992 2223 1048 2290 καὶ
1078 2228 1145 2309 τὴν·

86 2348 113 2386 20
127 2327 286 2419 έπιοῡσαν
309 2331 428 2413 νύκτα,
450 2338 489 2414 τῇ
513 2327 544 2394 δ’
568 2327 641 2413 ἑξῆς
662 2327 767 2417 ἡμέρᾳ
789 2333 880 2417 κόπω
903 2353 938 2394 τε
962 2330 1016 2396 καὶ
1040 2335 1140 2417 τραύ-

126 2452 205 2518 μασι
227 2446 294 2500 τών
317 2439 484 2520 πολεμίων
507 2434 563 2500 καὶ
585 2436 751 2524 ἀγρυπνίᾳ
775 2436 1000 2520 ἀπειρηκότων
1022 2437 1140 2523 ἐγκρα-

72 2610 75 2615 ,
125 2543 182 2624 τὴς
209 2545 334 2625 γίνεται
361 2552 422 2608 τοῦ
449 2543 600 2628 χάρακος.
646 2544 688 2607 οί4
702 2541 739 2607 δὲ
766 2545 949 2627 Τυρρηνοί,
977 2545 1022 2620 ώς
1045 2541 1207 2610 εἶδονιτει

35 2649 38 2655 ’
92 2631 95 2639 ’
126 2647 356 2731 ἐπιβαίνοντας
373 2651 437 2733 ἤδη
453 2651 531 2725 τοὺς
546 2649 722 2733 Ῥωμαίους
735 2660 804 2726 τοῖς
816 2651 1139 2734 περισταυρώμασιν,

126 2754 314 2830 ἐκλιπόντες
343 2757 380 2820 τὸ
411 2756 633 2836 στρατόπεδον
661 2756 821 2838 ἔφευγον,
851 2755 887 2819 οί
912 2752 974 2838 μὲν
1003 2758 1051 2832 είς
1078 2758 1138 2839 τὴν

30 2893 33 2904 2
85 2838 236 2952 ἔπόλιν,
260 2861 295 2924 οέ
316 2858 345 2925 θ’
369 2863 417 2938 είς
439 2862 478 2926 τὰ
501 2864 642 2944 πλησίον
666 2863 736 2944 όρη.
772 2861 895 2943 ταύτην
916 2857 977 2944 μὲν
996 2857 1059 2926 οὖν
1077 2864 1138 2945 τὴν

125 2963 251 3049 ἡμέραν
276 2964 312 3031 έν
335 2976 380 3054 τῷ
404 2967 522 3051 χάρακι
545 2978 612 3032 τῶν
634 2969 800 3050 πολεμίων
819 2967 947 3049 ἔμεινεν
966 2967 984 3031 ὁ
1003 2967 1138 3050 ὕπατος,

200 3201 212 3247 1
238 3191 309 3262 ἔγνω
329 3194 383 3247 del.
402 3193 492 3248 Cobet
510 3193 575 3247 obs.
594 3210 621 3261 p.
638 3197 689 3246 176
716 3239 718 3243 ,
761 3198 777 3245 λ
804 3186 965 3262 Τυρρηνοὺς
982 3194 1008 3244 Α
1030 3197 1138 3264 Τνρρη-

40 3294 45 3302 ·
126 3263 229 3326 νίᾱεΒ
303 3263 554 3338 ὅμε<λλ>ήοαςΒ
624 3271 639 3318 6
660 3261 744 3318 ἔθετο
763 3263 830 3331 μίαν
849 3263 986 3317 διαλιπὼν
1005 3281 1028 3316 ο.
1043 3263 1138 3317 Kiess-

73 3375 75 3378 Α
125 3333 186 3456 Ιὶῧ
244 3342 283 3456 B8
307 3334 459 3404 γενομέναν
478 3352 500 3389 c.
520 3333 624 3388 Reiske
690 3342 721 3388 ιθ
742 3334 902 3401 φνγοῦσιΒ
966 3340 1001 3386 24
1021 3329 1140 3407 inm>-

126 3423 147 3455 π
182 3424 226 3466 τες
