2424 3848
498 226 665 278 -Θ-
1022 227 1087 291 331

73 387 278 470 κληρουχίαν
297 387 396 469 ἔχετε,
417 383 473 450 καὶ
492 382 548 470 ἐμὲ
567 391 674 469 λυπεῖ,
696 385 752 452 καὶ
771 384 852 454 οὐδὲ
870 389 888 454 ὁ
906 388 1089 474 κατήγορος

74 492 156 558 αὐτὸ
175 491 399 578 ἀπεκρύψατο,
422 490 505 556 ἀλλὰ
523 490 622 576 μέρος
640 492 702 557 οὐκ
721 491 893 577 ἐλάχιστον
912 491 1088 577 ἐποιήσατο

73 609 133 681 τῆς
166 596 244 682 ἐμῆς
275 600 484 682 κατηγορίας,
518 599 682 682 βούλομαι
713 596 837 682 βραχέα
869 601 975 664 εἰπεῖν
1006 602 1089 686 πρὸς

73 705 169 789 ὑμᾶς.
215 706 305 768 ἔσται
334 698 371 792 δὲ
397 704 478 787 μετὰ
500 707 685 789 παρρησίας
708 704 726 769 δ
750 707 861 788 λόγος·
894 707 1002 783 άλλως
1023 707 1123 793 γδιρ2

74 808 144 876 οὔτ’
170 808 213 875 ἀν
236 807 300 892 ε’γῶ
323 810 489 892 δυναίμην
512 805 621 891 λέγειν
644 805 722 874 οὔθ’
743 809 825 893 ὑμῖν
848 809 982 876 ἀκούειν
1005 828 1088 896 συμ-
1114 847 1128 885 5

74 913 180 1001 φέρει.
226 915 267 979 ού
291 916 402 979 δίκαια
424 926 547 979 ποιεῖτε
571 912 644 979 οὐδ’
668 914 758 999 ὅσια,
786 910 812 980 ὦ
837 918 991 1000 δημόται,
1019 929 1088 984 τῶν

73 1018 136 1106 μὲν
159 1021 369 1104 εὐεργεσιῶν,
391 1020 430 1096 ἃς
452 1020 593 1107 εὕρεσθε
615 1023 705 1107 παρὰ
722 1030 780 1106 τῆς
798 1024 931 1106 βουλῆς,
953 1029 1087 1089 πολλῶν

73 1127 186 1194 οὐσῶν
208 1125 264 1191 καὶ
286 1127 440 1211 μεγάλων
464 1126 525 1192 οὐκ
548 1128 673 1203 είδότες
695 1127 778 1212 αὐτῇ
800 1128 912 1212 χάριν·
941 1130 973 1192 εί
995 1127 1036 1193 δέ
1055 1152 1087 1194 τι

73 1231 246 1318 δεομένοις
263 1233 355 1317 ὑμῖν,
370 1231 402 1310 ἐξ
422 1227 463 1299 οὗ
483 1231 757 1317 συγχωρηθέντος
774 1234 900 1319 μεγάλα
915 1231 1085 1316 βλάπτοιτ’

73 1339 116 1405 άν
139 1339 176 1404 τὸ
199 1342 332 1421 κοινόν,
359 1337 401 1403 ού
422 1344 600 1423 φθονοῦσα
623 1339 720 1423 ὑμῖν,
747 1338 832 1405 ἀλλὰ
854 1340 892 1404 τὸ
916 1340 1087 1424 συμφέρον
1101 1371 1128 1412 10

71 1454 130 1529 τῆς
151 1447 279 1521 πόλεως
301 1444 427 1529 δρῶσα,
454 1444 663 1527 ἠναντιώθη,
689 1453 788 1510 τοῦτο
812 1443 859 1522 δι’Ἰ
884 1446 984 1531 ὀργῆς
1006 1449 1087 1529 λαμ-

71 1551 242 1633 βάνοντες.
278 1551 347 1615 ἔδει
370 1548 400 1614 δ
422 1551 508 1634 ὑμᾶς
531 1550 671 1634 μάλιστα
693 1546 754 1634 μὲν
777 1552 822 1628 ὡς
844 1553 906 1617 ἀπὸ
929 1561 990 1617 τοῦ
1008 1568 1123 1637 xpm-3

72 1659 187 1722 τίστου
209 1657 251 1720 τὰ
268 1657 478 1740 βουλεύματα
496 1655 597 1739 αὐτῆς
614 1659 777 1741 γενόμενα
794 1656 850 1722 καὶ
869 1656 923 1723 ἐπὶ
939 1667 985 1745 τῶ
1004 1658 1088 1723 πάν-

71 1785 141 1827 των
164 1762 281 1850 ἀγαθῷ
305 1761 505 1847 δεχομένους
526 1762 710 1846 ἀποστῆναι
731 1772 791 1848 τῆς
815 1766 976 1848 σπουδῆς·
1000 1767 1031 1830 εί
1052 1762 1084 1830 δ’

20 1867 233 1935 Βοεάδύνατοι
255 1864 311 1953 ητε
330 1880 505 1952 κατασχεῖν
523 1868 720 1956 ἀσύμφορον
739 1870 921 1955 ἐπιθυμίαν
939 1877 1087 1958 λογισμῷ
1101 1901 1128 1943 ιι

72 1976 239 2061 σώφρονι,
264 1977 345 2059 μετὰ
367 1984 427 2040 τοῦ
450 1978 582 2040 πείθειν
604 1986 671 2040 τῶν
694 1976 804 2041 αὐτῶν
828 1975 943 2054 ἀξιοῦν
966 1977 1086 2059 τυγχά-

71 2105 160 2165 νειν,
188 2081 272 2146 ἀλλὰ
298 2082 342 2166 μὴ
371 2082 451 2165 μετὰ
477 2090 538 2147 τοῦ
565 2081 746 2164 βιάζεσθαι.
792 2081 830 2146 αί
852 2083 915 2167 γάρ
939 2079 1122 2160 ἑκούσιοι4

72 2184 195 2273 δωρεαὶ
221 2199 292 2264 τοῖς
317 2210 352 2252 τε
380 2184 575 2271 προεμένοις
596 2181 713 2268 ἡδίους
735 2196 802 2250 τῶν
824 2184 1086 2270 ἠναγκασμένων

72 2297 153 2379 είσί,
180 2292 236 2359 καὶ
262 2305 332 2369 τοϊς
359 2291 567 2377 λαμβάνουσι
590 2292 797 2376 βεβαιότεραι
819 2301 887 2355 τῶν
909 2290 953 2374 μη
976 2292 1085 2356 τοιού-

71 2424 147 2466 των.
193 2399 211 2464 ὃ
235 2400 280 2483 μά
302 2401 380 2476 τοὺς
401 2400 505 2474 θεοὺς
527 2398 568 2462 οὐ
591 2397 894 2480 λογίζεσθεὺμείς,
921 2394 992 2462 ἀλλ’
1019 2396 1084 2462 ὑπὸ
1099 2422 1127 2470 ω

71 2518 140 2572 τῶν
168 2507 393 2590 δημαγωγῶν,
421 2506 530 2588 ὥσπερ
558 2504 706 2569 θάλαττα
733 2498 789 2567 ὑπ’
815 2499 947 2586 ἀνέμων
974 2504 1086 2568 άλλων

73 2609 124 2678 ἐπ’
141 2613 256 2688 ἀλλοις
269 2608 548 2694 ἐπανισταμένων,
567 2608 829 2693 ἀνακινούμενοί
839 2631 873 2673 τε
887 2605 943 2672 καὶ
957 2608 1087 2692 ἀγριαι-

71 2722 210 2802 νόμενοι
232 2713 312 2781 οὐδὲ
334 2717 393 2781 τὸν
416 2715 588 2800 ἐλάχιστον
610 2718 734 2801 χρόνον
757 2714 795 2780 έν
812 2714 933 2801 ἡσυχίᾳ
955 2712 1009 2779 καὶ
1028 2738 1087 2797 γα-

72 2827 157 2910 λήνη
186 2824 373 2888 διακεῖσθαι
399 2824 461 2907 την
488 2825 588 2887 πόλιν
615 2821 696 2887 ἐᾶτε.
745 2821 914 2908 τοιγάρτοι
940 2818 1085 2905 παρέστη

70 2930 152 3014 ημῖν
163 2933 342 3015 κρείττονα
359 2929 513 3012 ἡγεῖσθαι
532 2937 617 3011 τηςε
620 2929 779 3012 ίρηνης
749 2951 818 2994 του
822 2930 982 3010 πόλεμον·
1005 2926 1084 2991 ὅταν
1099 2955 1126 2999 25

144 3054 160 3102 ὁ
180 3046 320 3138 σομφερει
310 3048 416 3103 ιΔΒῦ
440 3045 578 3117 συμφέροι
596 3048 621 3100 R
693 3055 709 3103 8
732 3046 760 3103 εί
776 3047 808 3103 δὲ
827 3046 870 3101 ὅτι
888 3049 913 3100 A
976 3052 1087 3135 θον-χ

35 3120 39 3127 ’
71 3139 147 3245 χωρη
113 3117 250 3190 ρηθέντες
266 3121 292 3173 Α
374 3127 407 3175 16
431 3120 523 3173 αὐτῶν
541 3118 567 3172 A
589 3119 722 3173 ἀστῶνΒ
809 3123 842 3171 18
865 3137 933 3187 προ
934 3115 1086 3187 εμενοςο

93 3190 161 3245 obet
179 3190 245 3245 Obs.
264 3209 292 3260 p.
313 3195 364 3245 179
437 3194 470 3243 19
494 3197 549 3243 τῶν
568 3188 605 3258 μὴ
624 3209 669 3243 τοι
670 3189 761 3244 ούτων
778 3189 833 3244 del
852 3187 976 3242 Raudler
994 3187 1085 3243 Tiroc.

71 3261 134 3316 crit
157 3279 185 3330 p.
205 3267 240 3316 60
348 3266 383 3315 24
406 3261 571 3315 διακεισθαι
589 3262 612 3315 0
636 3259 729 3329 διάγι
703 3279 746 3315 ειν
771 3258 861 3313 Cobet
879 3257 945 3313 Oba.
963 3275 991 3326 p.
1007 3264 1058 3312 179
1079 3261 1083 3329 λ

70 3330 256 3470 &353220
284 3327 422 3472 ”m
436 3330 560 3471 ἷἚἝὛ
577 3331 645 3456 ἀλλ’
664 3281 1085 3471 ἴδῒιῗῖίῖιῖἓῖξῗύιὲ

71 3473 132 3529 crit.
151 3491 179 3543 p.
198 3479 214 3527 2
