2424 3848
124 201 189 267 358
545 201 715 254 -Θ-

122 361 151 429 τ’
178 364 362 448 ἀσχήμονες
389 358 543 444 ἐγένοντο
567 364 614 438 είς
637 360 802 447 ἀλλήλους
823 360 878 427 καὶ
901 360 1063 447 καταβοαὶ
1087 362 1144 429 καὶ

125 469 287 554 σωμάτων
306 468 464 552 ὠθισμοί·
483 465 538 532 καὶ
556 472 740 534 τελευτῶσα
759 469 806 546 είς
824 479 936 555 χεῖρας
949 465 1143 552 ἀπέσκηψεν

90 576 110 641 3
125 577 145 661 ή
165 579 245 662 ἔρις,
263 573 319 641 καλ
336 576 384 652 είς
402 577 511 640 λίθων
529 573 651 661 ήρξατο
669 577 865 660 προβαίνειν
882 575 991 658 βολάς.
1025 572 1142 661 ἐπέσχε

124 680 161 748 δὲ
191 692 293 749 ταῦτα
322 679 377 747 καὶ
406 691 467 748 τοῦ
496 682 541 767 μή
570 679 768 767 προσωτέρω
798 689 945 767 χωρῆσαι
973 680 1015 745 τδι
1046 682 1142 747 δεινδ

79 793 282 866 ΙεΙίοίντιος
306 788 420 875 άτερος
442 799 510 853 τῶν
533 787 667 853 ὑπάτων
691 793 795 865 αἴτιος
818 784 959 872 ἐγένετο,
983 788 1143 872 δεόμενός

125 919 159 961 τε
182 895 318 961 πάντων
340 893 395 960 καὶ
418 899 569 980 λιπαρῶν
592 897 656 959 σὺν
674 904 744 971 τοῖς
761 892 999 980 πρεσβυτάτοις
1016 903 1086 959 τῶν
1105 893 1141 960 έκ

124 1012 185 1068 τοῦ
204 1003 383 1088 συνεδρίου
402 998 458 1067 καὶ
476 1002 523 1078 είς
542 997 663 1084 μέσους
675 1002 754 1078 τοὺς
768 998 1016 1085 ἁψιμαχοῦντας
1030 1000 1142 1066 ὠθού-

123 1132 231 1193 μενος.
275 1103 318 1191 ήν
348 1103 385 1172 δέ
414 1104 470 1171 καὶ
499 1115 558 1191 τῆς
586 1104 709 1190 ἡμέρας
738 1107 776 1172 τὸ
807 1109 1005 1191 λειπόμενον
1031 1109 1141 1192 βραχὺ

87 1213 238 1300 4μέρος,
266 1209 343 1279 ὥστ’
371 1212 523 1279 ἀκούσιοι
548 1208 603 1277 ἀπ’
631 1210 784 1296 ἀλλήλων
808 1213 1023 1296 διελύθησαν.
1068 1223 1142 1291 ταῖς

84 1341 110 1381 ιο
124 1318 154 1386 δ’
179 1319 251 1405 ἑξῆς
273 1317 410 1406 ήμέραις
432 1320 469 1384 αἵ
484 1317 512 1383 τ’
535 1316 632 1405 ἀρχαὶ
651 1317 808 1401 ἀλλήλαις
826 1316 1017 1403 ἐνεκάλουν,
1042 1318 1060 1384 6
1080 1315 1141 1403 μὲν

123 1427 247 1503 ὕπατος
264 1438 335 1504 τοῖς
353 1426 546 1513 δημάρχοις,
569 1424 620 1490 ὅτι
638 1425 815 1491 καταλύειν
833 1424 936 1491 αύτοῦ
953 1424 1015 1509 τήν
1034 1425 1141 1511 ἀρχήν

122 1532 239 1617 ἠξίουν
266 1532 300 1610 ές
321 1535 358 1600 τὸ
382 1533 609 1618 δεσμωτήριον
631 1532 691 1597 τὸν
713 1531 841 1597 ὕπατον
864 1530 1004 1614 ἀπάγειν
1028 1533 1141 1598 κελεύ-

124 1656 256 1723 σαντες,
288 1648 334 1726 τςῦ
367 1635 397 1703 δ’
430 1638 544 1727 ὑπάτῳ
577 1638 612 1703 οέ
639 1640 818 1724 δήμαρχοι,
851 1638 895 1714 ὡς
924 1636 1141 1723 ἐμβεβληκότι

123 1745 251 1827 πληγάς
283 1744 432 1828 σώμασιν
463 1745 564 1830 ίεροῑς
593 1742 649 1809 καὶ
682 1741 955 1828 καθωσιωμένοις
983 1744 1050 1809 ὑπὸ
1081 1755 1141 1810 τοῦ

86 1871 112 1912 15
125 1853 232 1935 νόμου
251 1886 295 1898 -
313 1848 368 1915 καὶ
392 1850 410 1916 6
431 1850 617 1935 Λαιτώριος
639 1851 679 1915 τά
704 1855 778 1937 ἴχνη
801 1861 869 1915 τῶν
891 1854 1029 1933 πληγῶν
1052 1846 1141 1936 εἶχεν

124 1954 177 2022 ἐπὶ
199 1966 257 2041 τῆς
280 1958 387 2035 ὄψεως
409 1958 456 2023 ἔτι
474 1955 660 2042 φανερά-
677 1956 698 2039 ή
716 1979 751 2021 τε
769 1958 865 2033 πόλις
883 1955 943 2040 ὅλη
964 1957 1141 2023 διοιδοῦσα

88 2061 178 2132 5καλ
214 2060 451 2150 ἀγριαινομένη
489 2064 674 2146 διειστήκει.
734 2064 844 2127 ἔπειτα
881 2062 899 2128 6
936 2058 998 2146 μέν
1035 2064 1185 2149 δήμοςιελ

125 2170 281 2257 ἐφρούρει
312 2172 349 2236 τὸ
383 2172 595 2236 Καπιτώλιον
627 2171 694 2254 ἀμα
725 2178 796 2246 τοῖς
828 2168 1026 2263 δημάρχοις,
1059 2168 1137 2236 ούθῗ

123 2274 246 2363 ἡμέρας
264 2277 339 2342 ούτε
358 2280 479 2354 νυκτὸς
496 2275 656 2342 ἐκλείπων
674 2277 736 2362 τήν
754 2279 921 2361 φυλακήν·
940 2275 961 2358 ἡ
981 2273 1020 2340 δὲ
1033 2278 1139 2361 βουλή

82 2403 110 2443 νο
124 2392 287 2449 συνιοῦσα
309 2384 438 2468 πολλὴν
460 2381 516 2449 καὶ
539 2381 699 2448 έπίπονον
721 2381 861 2448 έποιεϊτο
883 2384 1028 2467 ζήτησιν,
1054 2383 1139 2460 ὅπως

10 2517 19 2527 ·
125 2492 188 2575 χρὴ
211 2497 335 2555 παῦσαι
359 2491 420 2573 τήν
444 2491 675 2574 διχοστασίαν,
697 2499 758 2555 τοῦ
781 2511 815 2553 τε
838 2489 1000 2554 κινδύνου
1023 2491 1062 2555 τὸ
1086 2487 1139 2574 μί-

120 2603 223 2680 νεθος
242 2594 488 2681 ἐνθυμουμένη,
511 2592 567 2661 καὶ
586 2594 637 2660 ὅτι
655 2591 735 2661 οὐδὲ
753 2606 822 2672 τοῖς
840 2594 978 2672 ὑπάτοις
995 2596 1037 2660 τὰ
1057 2596 1138 2662 αὐτὰ

121 2704 332 2790 παρειστήκει
359 2712 507 2789 φρονεῖν.
554 2702 572 2768 6
600 2698 662 2786 μέν
688 2702 752 2788 γὰρ
780 2703 936 2778 Κοίντιος
962 2707 1068 2768 είκειν
1095 2710 1137 2791 τῷ

122 2811 215 2898 δήμῳ
246 2810 286 2874 τά
315 2807 430 2895 μέτρια
457 2807 569 2893 η’ξίου,
599 2808 617 2874 6
646 2804 676 2873 δ’
694 2806 835 2885 ’Ἄππιος
862 2804 957 2894 μέχρι
986 2810 1137 2876 θανάτου

82 2935 108 2976 ει
123 2913 282 3013 ἀντέχειν.

195 3114 208 3162 1
228 3107 390 3180 καταβο<οιι
409 3106 481 3181 κ>αὶ
498 3108 522 3161 Β
608 3113 624 3161 6
643 3107 696 3161 *τε
716 3105 850 3161 ἁπάντων
869 3105 891 3160 0
912 3106 1021 3161 correxi
1106 3112 1136 3162 10

120 3180 208 3234 verba
233 3178 300 3234 inde
326 3180 362 3234 ab
389 3175 541 3234 ένειιάλουν
566 3195 655 3246 usque
679 3178 717 3232 ad
740 3177 782 3233 ὅτι
805 3194 859 3232 om.
878 3177 925 3231 Βο
948 3177 1015 3234 add.
1039 3178 1137 3248 Bbmg

123 3256 155 3303 11
174 3259 230 3306 τῶν
249 3251 401 3322 δημάρχων
419 3250 445 3303 Α
463 3248 656 3374 (καταίλιύειν
675 3248 698 3302 Β
762 3255 794 3304 16
813 3248 862 3303 καλ
881 3247 932 3303 6..
952 3249 1135 3320 λοιιτάιριοςΒ

121 3320 243 3393 καὶγὰρ
262 3321 277 3376 6
297 3325 320 3378 λ.
339 3339 363 3378 ο.
383 3321 549 3377 dubitanter
590 3320 705 3390 ’essling
778 3325 811 3375 19
831 3320 918 3374 αὐτοῦ
936 3319 989 3389 τὴν
1009 3319 1136 3390 φυλακὴν

121 3390 147 3514 1?
170 3392 324 3516 prsseberB
415 3399 449 3448 25
473 3394 602 3462 ἀντεῖχεν
622 3390 644 3446 Ο
668 3388 797 3462 ἀντέχειν
821 3408 843 3448 ο.
863 3388 1010 3462 Kiessling
1029 3395 1059 3448 ot
1076 3392 1136 3446 Am-

142 3478 204 3518 rose
