2378 3840
129 148 172 213 80
553 150 714 200 -Ζ-

129 308 170 376 δέ
188 333 220 376 τι
243 310 397 397 Μάρκιος
424 309 534 376 ἀδικεῖ
558 311 617 375 τὸν
640 310 764 395 δῆμον,
792 307 840 394 [ἦ]
864 306 921 375 καὶ
948 309 1049 387 ἀλλος
1076 319 1147 376 τῶν

128 421 309 502 πατρικίων
328 417 485 483 ὁστισοῦν
503 414 559 482 καὶ
582 418 710 494 δίκαιός
732 414 822 482 ἐστιν
841 414 1067 500 ἀποθανεῖνῆ
1087 425 1148 502 τῆς

129 526 255 600 πόλεως
278 522 439 605 ἐκπεσεῖν,
462 525 506 608 μὴ
529 520 604 609 παρ’
629 523 753 606 αὐτοῖς,
775 520 848 590 ἀλλ’
869 522 993 590 ἐνθάδε
1014 521 1147 608 κριθεὶς

130 631 250 696 διδότω
270 631 374 714 δίκας,
392 631 501 716 ὥσπερ
520 628 590 696 ἐστὶ
607 633 760 715 νόμιμον.
796 631 828 696 εί
840 631 885 715 μη
899 631 976 715 ἀρα,
989 623 1016 695 ὦ
1031 627 1146 714 Δέκιε,

103 736 148 807 εδ
172 732 233 820 μὲν
256 738 360 821 δῆμος
384 743 454 814 ῖσος
483 740 574 803 ἐσται
601 739 756 822 δικαστὴς
780 735 835 802 καὶ
858 734 964 804 οὐθὲν
986 735 1029 802 δν
1050 738 1146 823 χαρί·

131 859 223 909 σαιτο
248 842 336 932 αὐτῷ
360 847 442 930 πρὸς
461 844 583 932 ἀνδρὸς
606 842 732 931 ἐχθροῦ
750 845 811 928 τὴν
829 852 943 929 ψῆφον
962 840 1145 929 ἐπιφέρων·

131 944 224 1015 οὗτοι
248 949 278 1014 δ’
304 951 336 1015 εί
356 948 507 1033 γένοιντο
530 959 587 1035 τῆς
609 952 724 1036 ψήφου
747 951 857 1035 κύριοι
882 950 941 1015 τὸν
963 948 1147 1015 ἀδικοῦντα

130 1056 205 1142 περὶ
232 1059 385 1134 πλείονος
412 1060 606 1141 ποιήσονται
636 1065 692 1141 τῆς
715 1054 935 1141 ἀδικουμένης
956 1050 1013 1120 ὑπ’
1041 1053 1146 1122 αὐτοῦ

130 1166 271 1247 πόλεως,
298 1162 473 1248 μέλλοντες
500 1163 585 1249 ἀρδν
612 1161 667 1228 καὶ
694 1161 865 1248 ἐπιορκίαν
887 1159 942 1226 καὶ
965 1172 1060 1246 μῖσος
1083 1157 1146 1245 μὲν

94 1298 119 1339 ιο
132 1267 208 1356 παρ’
236 1269 444 1357 ἀνθρώπων,
472 1274 575 1356 χόλον
604 1266 641 1336 δέ
668 1269 756 1351 παρδι
783 1275 875 1334 θεῶν
901 1266 938 1334 ἐκ
965 1277 1024 1353 τῆς
1050 1268 1147 1350 δίκης

98 1389 115 1452 7
132 1376 330 1443 ἀποίσεσθαι
353 1379 408 1443 καί
432 1378 511 1461 μετδι
534 1386 690 1461 πονηρῶν
709 1374 853 1441 ἐλπίδων
874 1378 940 1457 ζῆν.
978 1373 1041 1441 οὐκ
1062 1372 1144 1453 ἀξιῶ

131 1493 233 1548 ταῦτα
255 1480 331 1564 περὶ
353 1492 411 1566 τῆς
433 1488 557 1568 βουλῆς
578 1483 679 1568 ὑμᾶς,
707 1477 733 1546 ὦ
758 1483 912 1566 δημόται,
942 1490 1096 1564 σκοπεῖν,
1123 1473 1144 1567 ᾗ

132 1588 226 1672 τιμὰς
251 1586 307 1653 καὶ
334 1587 436 1675 ἀρχὰς
467 1586 522 1653 καὶ
551 1589 591 1653 τὰ
622 1589 778 1674 κράτιστα
810 1598 877 1653 τῶν
909 1585 946 1652 ἐν
976 1594 1016 1672 τῇ
1048 1589 1188 1654 πόλει1

132 1706 341 1780 παραχωρεῖν
365 1696 553 1779 ὁμολογεῖτε
583 1692 627 1759 δι’
656 1694 792 1779 ἀρετήν,
818 1691 874 1760 καί
901 1693 1026 1771 πολλὰς
1052 1693 1146 1780 χάρι-

94 1827 119 1868 15
132 1823 189 1876 τας
211 1797 335 1865 εἰδέναι
357 1797 440 1885 φατὲ
463 1809 519 1884 τῆς
546 1805 751 1887 προθυμίας,
778 1800 820 1885 ἣν
848 1798 1039 1878 ἀπεδείξατο
1068 1796 1146 1884 περὶ

133 1907 194 1990 τὴν
217 1906 367 1973 κάθοδον
390 1908 494 1991 ὑμῶν.
535 1908 671 1993 μάχεται
697 1903 787 1974 ταῦτ’
815 1906 981 1990 ἀλληλοις·
1005 1902 1061 1971 καὶ
1084 1904 1146 1971 οὐκ

134 2015 200 2098 ἔχει
223 2017 337 2097 λόγον,
360 2013 419 2090 οὓς
442 2013 614 2097 ἐπαινεῖτε,
642 2015 780 2091 τούτους
802 2017 982 2099 φοβεῖσθαι
1004 2009 1060 2077 καὶ
1079 2013 1146 2096 ἀμα

134 2130 203 2196 τοῖς
226 2120 338 2197 αὐτοῖς
354 2118 431 2207 περὶ
451 2117 512 2205 μὲν
530 2132 597 2186 τῶν
616 2123 776 2205 μειζόνων
795 2116 992 2206 ἐπιτρέπειν,
1012 2115 1090 2200 περὶ
1109 2112 1146 2183 δὲ

99 2234 200 2301 8τῦν
223 2226 334 2291 ἀλλων
357 2225 516 2292 ἀπιστεῖν.
554 2231 589 2292 τί
610 2224 640 2292 δ’
664 2224 738 2311 οὐχὶ
762 2234 821 2314 μιᾷ
843 2226 1008 2312 χρώμενοι
1030 2224 1146 2309 γνώμη

95 2330 154 2415 1οῆ
182 2331 288 2396 πάντα
315 2335 483 2399 πιστεύετε
513 2333 626 2410 αὐτοῖς
652 2333 673 2417 ἣ
700 2330 776 2418 περὶ
802 2331 936 2398 πάντων
966 2330 1145 2407 ἀπιστείτω

134 2436 218 2502 ἀλλὰ
236 2441 481 2524 προβουλεῦσαι
500 2434 561 2522 μὲν
580 2438 702 2514 αὐτοὺς
719 2438 759 2502 τδι
778 2438 889 2502 δίκαια
909 2437 1043 2512 ίκανοδς
1061 2430 1148 2501 εἶναι

134 2547 297 2630 νομίζετε,
325 2544 457 2609 δικάσαι
485 2541 522 2610 δὲ
548 2542 624 2630 περὶ
648 2544 758 2610 αὐτῶν
780 2543 908 2610 τούτων
932 2536 979 2608 ὧν
1001 2545 1148 2627 προβου-

135 2653 291 2718 λεύουσιν
319 2650 380 2736 οῦχ
411 2652 560 2728 ἱκανούς..
589 2653 696 2717 πολλὰ
723 2652 777 2716 καί
805 2651 889 2715 ἀλλα
910 2645 1076 2733 περὶτῶν
1099 2649 1149 2713 δι-

137 2762 240 2824 καίων
263 2752 366 2842 εἶχον,
389 2754 415 2823 ὦ
438 2758 560 2842 βουλή,
590 2756 714 2840 λέγειν,
738 2755 821 2821 ἀλλὰ
839 2752 894 2820 καὶ
916 2751 1014 2820 ταῦθ’
1043 2754 1148 2820 ίκανά.

97 2891 123 2931 25
203 2863 292 2929 LIII.
325 2861 457 2948 Ἐπειδὴ
487 2860 523 2928 δὲ
550 2861 605 2929 καί
632 2861 790 2949 περὶτοῦ
814 2859 1040 2948 συμφέροντος
1064 2859 1151 2926 ἐπει-

137 2979 216 3056 ρᾶτο
241 2969 349 3053 λέγειν
372 2962 509 3052 Δέκιος,
538 2969 583 3046 ὡς
605 2968 736 3052 ἀγαθὸν
764 2964 825 3054 μὲν
853 2968 1007 3053 ὁμόνοια,
1035 2968 1151 3034 δεινὸν

209 3139 420 3265 Ιδῆμονῆιιιαλ
439 3196 486 3249 Ba
571 3193 642 3250 ῦάν
662 3194 726 3250 add.
745 3194 849 3250 Reiske
940 3195 1051 3249 6αῦτῶ
1069 3193 1149 3268 AB!

136 3265 206 3333 πρὸς
225 3265 247 3319 Ο
267 3267 333 3336 περὶ
350 3266 452 3321 Reiske
508 3264 714 3336 7γένωνταιΒ
771 3273 802 3320 11
823 3265 929 3332 ἀξιῶΟ
949 3265 1031 3333 ἀξιον
1046 3265 1152 3320 Reiske

138 3340 170 3387 12
190 3338 261 3406 ὑμᾶς
280 3354 334 3392 om.
354 3337 376 3390 B
398 3341 402 3402 Ι
427 3338 554 3410 σκοπεῖν]
573 3343 669 3392 τοπεῖν
688 3336 735 3392 vel
753 3338 905 3392 ῦποτοπεῖν
925 3354 947 3390 c.
967 3336 1152 3393 Oasaubonus

137 3410 172 3459 λε
190 3405 269 3461 πόλλ’
291 3407 327 3461 διν
347 3425 369 3463 ο.
389 3408 517 3464 Hertlein
537 3411 652 3464 Hermes
671 3408 761 3462 X411
