2424 3848
107 159 173 224 254
530 190 562 200 -
599 163 696 213 Η-

105 346 173 408 χος,
204 321 241 387 ἐν
269 316 295 410 ᾧ
324 325 361 387 τὸ
384 325 540 388 πλειστόν
562 345 597 387 τε
619 319 675 387 καλ
698 321 913 408 ἀπορώτατον
934 332 994 390 τοῦ
1018 324 1183 408 δημο-Ῑιιῑ

105 439 199 496 τικοῦ
218 427 317 515 μέρος
335 428 555 515 ἐψηφοφόρει,
574 439 661 514 μιᾶς,
679 430 724 506 ῶς
740 428 796 495 καὶ
813 433 976 513 πρότερον
993 435 1126 516 εἴρηταί

105 559 174 621 μοι,
196 544 255 618 τής
277 533 415 620 ἐσχάτης
437 539 553 621 ψήφου
576 537 691 618 κύριος
713 531 765 619 ήν.

170 641 351 707 LXXXIII.
390 643 696 728 Παραλαμβάνουσι
715 642 756 726 δή
780 643 840 726 τήν
859 642 1019 709 ὑπατείαν
1035 647 1122 710 κατὰ

78 751 142 815 ιτὸ
172 747 418 834 ἑβδομηκοστόν
447 772 483 813 τε
512 746 567 814 καὶ
597 749 830 815 διακοσιοστὸν
863 752 934 826 ἔτος
963 749 1027 815 ἀπὸ
1057 762 1123 818 τοῦ

104 865 323 940 συνοικισμοῦ
352 866 410 939 τῆς
432 849 556 939 Ῥώμης
582 855 724 930 Λεύκιος
750 857 905 938 Αίμίλιος
931 854 1121 943 Μαμέρκου

103 963 177 1040 υίὺς
210 960 265 1027 καὶ
299 965 436 1028 Καίσων
470 962 597 1046 Φάβιος
628 964 804 1039 Καίσωνος
834 963 925 1046 υίός,
957 964 1121 1049 άρχοντος

100 1065 260 1153 Ἀθήνησι
287 1070 493 1152 Νικοδήμου.
545 1060 596 1144 οἷς
627 1065 697 1133 κατ’
728 1068 829 1154 εὐχήν
860 1067 983 1154 συνέβη
1011 1068 1120 1154 μηδὲν

102 1177 168 1243 ὑπὸ
187 1185 245 1260 τής
261 1181 430 1259 πολιτικῆς
449 1174 710 1260 ἐπιταραχθῆναι
735 1176 944 1260 διχοστασίας
961 1176 1119 1262 πολέμων

63 1262 163 1376 1Ξτήν
180 1286 280 1348 πόλιν
297 1283 524 1366 περιστάντων
542 1281 747 1348 ἀλλοεθνῶν.
793 1282 829 1347 ἐν
848 1285 949 1348 ἀπασι
972 1280 1033 1367 μὲν
1054 1279 1119 1350 οὑν

103 1393 217 1455 ἔθνεσι
239 1388 294 1454 καί
317 1393 429 1465 τόποις
445 1386 615 1473 Ἑλλήνων
634 1387 742 1454 τεκαὶ
760 1389 939 1475 βαρβάρων
957 1394 1118 1473 φιλοῦσιν

102 1498 140 1562 αί
164 1505 231 1562 τῶν
262 1494 389 1574 ἔξωθεν
419 1506 531 1560 κακῶν
560 1494 748 1560 ἀνάπαυλαι
778 1493 961 1581 ἐμφυλίους
992 1520 1026 1561 τε
1059 1496 1116 1562 καὶ

103 1603 267 1686 ἐνδήμους
299 1601 439 1688 ἐγείρειν
470 1598 651 1685 πολέμους,
685 1603 825 1686 μάλιστα
857 1598 895 1666 δὲ
924 1613 1022 1668 τοῦτο
1055 1604 1117 1668 πά-

103 1725 259 1793 σχουσιν,
292 1709 365 1775 ὅσοι
396 1709 596 1792 πολεμιστήν
629 1706 685 1773 καὶ
717 1711 911 1774 κακόπαθον
943 1710 1117 1794 αἱροῦνται

62 1832 88 1872 15
102 1818 178 1899 βίον
202 1813 394 1901 ἐλευθερίας
415 1839 450 1881 τε
472 1813 528 1881 καλ
550 1804 728 1900 ήγεμονίας
750 1819 856 1904 πόθφ.
893 1812 1032 1901 χαλεπαὶ
1051 1818 1117 1904 γάρ

102 1922 140 1986 αί
163 1928 333 2007 μαθοῦσαι
361 1932 421 1988 τοῦ
450 1925 605 1998 πλείονος
637 1921 791 2007 ἐφίεσθαι
822 1924 941 2006 φύσεις
973 1920 1118 2007 ἐξειργό-

101 2053 198 2115 μεναι
225 2041 291 2095 τῶν
320 2031 482 2114 συνήθων
509 2033 617 2116 ἔργων
645 2040 829 2115 καρτερεῖν·
857 2028 912 2094 καὶ
936 2030 993 2094 διδι
1015 2038 1117 2097 τοῦτο

101 2137 137 2201 οί
156 2138 401 2221 φρονιμώτατοι
429 2146 496 2200 τῶν
522 2135 697 2219 ήγεμόνων
720 2134 775 2201 ἀεί
794 2159 886 2212 τινας
909 2133 945 2200 ἐκ
967 2146 1035 2200 τῶν
1057 2135 1117 2202 ἀλ-

101 2249 254 2309 λοεθνῶν
273 2241 546 2326 ἀναζωπυροῦσιν
567 2243 701 2327 ἔχθρας,
723 2245 911 2324 κρείττονας
934 2241 1117 2326 ἡγούμενοι

61 2327 170 2444 ,ξτῶν
188 2349 350 2415 ἐντοπίων
368 2347 522 2432 πολέμων
539 2351 618 2426 τοὺς
640 2347 857 2424 ἀλλοδαπούς.
893 2351 967 2414 τότε
985 2345 1016 2412 δ’
1040 2344 1183 2434 οὖνμτιν

101 2457 211 2543 ὥσπερ
235 2459 330 2540 ἐφην,
353 2457 435 2520 κατά
458 2457 602 2540 δαίμονα
624 2466 693 2532 τοῖς
716 2454 854 2532 ὑπάτοις
877 2453 1062 2521 συνέπεσον
1080 2457 1121 2521 αί

100 2575 167 2629 τῶν
190 2563 349 2646 ὑπηκόων
364 2561 608 2639 ἐπαναστάσεις.
655 2561 864 2627 Οὐολοῦσκοι
887 2561 962 2644 γάρ,
985 2566 1052 2625 είτε
1073 2571 1116 2647 πή

99 2675 250 2755 πολιτική
274 2665 442 2753 Ῥωμαίων
463 2669 592 2752 κινήσει
614 2669 849 2744 πιστεύσαντες
871 2668 916 2744 ὡς
939 2666 1116 2733 ἐκπεπολε-

100 2775 255 2861 μωμένου
282 2785 342 2842 τοῦ
373 2776 554 2860 δημοτικοῦ
576 2776 659 2859 πρὸς
681 2777 759 2850 τοὺς
781 2773 818 2838 ἐν
841 2771 937 2858 τέλει,
966 2780 1030 2839 είτε
1056 2784 1118 2859 τής

60 2881 262 2969 πικροτέρας
288 2882 387 2967 ήττης
413 2879 553 2967 ἀμαχητὶ
582 2880 763 2967 γενομένης
785 2881 925 2967 αίσχόνη
948 2878 1117 2966 παροξυν-

100 2989 233 3074 θέντες,
263 2986 343 3073 <είτ’
370 2986 445 3074 ἐπὶ>
467 2999 539 3066 ταῖς
562 2986 689 3055 ἑαυτῶν
711 2988 874 3072 δυνάμεσι
896 2992 1034 3064 πολλαῖς
1057 2989 1117 3053 οὑ-

63 3100 86 3163 4
101 3114 175 3174 σαις
192 3095 276 3181 μέγα
294 3097 533 3181 φρονήσαντες,
554 3101 618 3160 είτε
638 3095 694 3159 διά
712 3104 814 3160 ταῦτα
831 3093 939 3159 πάντα
956 3099 1118 3178 πολεμεῖν

171 3296 188 3343 3
206 3287 304 3357 κόριον
323 3287 375 3341 ΑΒ
465 3293 496 3341 11
516 3306 546 3341 τε
565 3286 629 3341 add.
649 3287 674 3340 A
760 3291 795 3340 14
812 3289 967 3412 κακοπαθή
986 3301 1009 3340 c.
1025 3283 1117 3342 Cobet

101 3360 166 3418 obs.
184 3377 212 3428 p.
229 3364 279 3412 171
372 3366 405 3414 16
423 3363 571 3413 παθοῦσαι
588 3357 643 3412 Ac
730 3364 764 3412 23
783 3352 947 3428 ἐκπολεμωμ
962 3376 1015 3412 νου
1033 3357 1115 3412 Assc

99 3438 133 3486 26
154 3428 204 3485 εἴτ’
226 3424 273 3484 ἐπὶ
291 3429 355 3485 add.
375 3429 496 3501 Sylburg
