2424 3848
522 159 692 212 ..ο-

100 324 119 389 ὁ
138 323 326 399 συνύπατος
344 321 448 388 αὐτοῦ
461 323 651 405 Ποστόμιος
668 357 706 368 -
722 315 809 405 ἦσαν
826 316 865 385 δέ
883 316 981 405 μέσαι
998 320 1117 398 νύκτες

102 428 254 512 μάλιστα,
278 427 332 492 ότε
355 428 391 493 οί
412 427 519 504 ίππεῖς
541 425 760 511 ἀφίκοντο-
780 426 836 491 διά
858 426 1013 512 κηρύκων
1035 431 1184 493 πολ-1911

101 539 170 599 λῶν
193 535 270 611 τοὺς
293 533 475 618 βουλευτάς
498 531 534 598 ἐκ
558 542 626 598 τῶν
650 533 765 599 οίκιῶν
784 531 970 598 συνεκάλει·
993 529 1049 596 καὶ
1067 535 1119 615 νί-

60 695 62 698 ς
101 661 192 704 υεται
221 640 328 725 δόγμα
350 643 491 724 βουλῆς,
518 635 597 724 πρὶν
620 635 747 725 ἡμέραν
770 638 925 724 λαμπράν
947 635 1119 725 μενέσθαι,

74 770 91 812 ε
106 748 206 811 Τῖτον
225 741 286 829 μέυ
299 748 460 812 Κοίντιον
477 745 537 810 τὸν
555 744 786 811 ὑπατεύσαντα
803 746 842 811 τὸ
856 747 981 830 τρίτου,
1000 746 1119 830 ἔχοντα

102 854 181 929 τοὺς
212 851 452 936 ἀκμαιοτάτους
482 861 551 916 τῶν
582 848 669 916 νέων
701 851 818 929 πεζούς
849 873 884 915 τε
914 847 970 916 καὶ
1000 851 1119 937 ίππεῖς,

105 957 188 1044 ἀρχῇ
206 955 418 1042 κοσμηθέντα
437 956 619 1046 ἀνθυπάτῳ
638 965 759 1042 χωρεῖν
778 953 831 1021 ἐπὶ
848 958 927 1034 τοὺς
939 960 1119 1040 πολεμίους

105 1062 137 1141 ἐξ
161 1062 300 1148 ἐφόδου·
324 1058 441 1129 Αὖλον
461 1059 498 1129 δέ
517 1065 710 1147 Ποστόμιον
732 1063 792 1128 τὸν
815 1061 928 1149 ἕτερον
950 1073 1018 1128 τῶν
1035 1062 1119 1128 ύπά-

102 1192 171 1234 των
199 1170 256 1246 τὰς
283 1169 399 1246 λοιπὰς
429 1168 586 1253 δυνάμεις
616 1170 863 1252 συναγαγόντα,
889 1167 929 1245 ἃς
951 1169 1019 1234 ἔδει
1042 1194 1119 1255 χρο-

64 1300 90 1342 10
104 1277 263 1360 νιύτερον
297 1280 491 1358 συνελθεῖν,
525 1275 570 1352 όις
604 1273 647 1340 δν
677 1274 766 1361 αὐτῷ
797 1273 917 1359 τάχους
947 1272 1120 1360 ἐγγένηται

68 1374 253 1467 3βοηθεῖν.
290 1379 395 1465 ἡμέρα
419 1377 449 1445 δ’
468 1378 732 1465 ἤδηδιέφωσκε,
754 1377 809 1444 καὶ
828 1379 846 1445 ὁ
865 1381 1022 1457 Κοίντιος
1040 1397 1120 1447 συν-

102 1491 205 1573 ήγαγε
228 1489 306 1563 τοὺς
329 1486 506 1564 ἐθελοντὰς
527 1489 811 1571 πεντακισχιλίους
828 1483 958 1569 μάλιστ’
980 1488 1119 1569 ἀνδρας·

102 1591 157 1659 καλ
188 1594 229 1660 οὐ
258 1596 344 1659 πολὺ
372 1592 514 1678 ἐπισχὼν
543 1591 657 1676 ἐξῆγεν
685 1591 722 1657 ἐκ
749 1600 806 1676 τῆς
832 1595 967 1670 πόλεως.
1017 1592 1115 1660 τοῦθ’

102 1700 368 1776 ὑποπτεύσαντες
390 1700 510 1782 ἔμενον
533 1699 570 1764 οί
585 1696 727 1765 Αίκανολ
745 1695 800 1763 καλ
818 1695 898 1785 πρὶν
918 1698 1032 1764 ἐλθεῖν
1052 1699 1119 1765 ἐπι-

64 1828 91 1870 15
103 1807 243 1890 κουρίαν
270 1814 339 1880 τοῖς
356 1800 527 1887 Ῥωμαίοις
554 1804 776 1890 προσβάλλειν
798 1812 844 1890 τῷ
866 1803 985 1890 χάρακι
1007 1804 1178 1872 αύτῶν1911

104 1908 204 1996 <καί>
233 1908 469 1993 διανοηθέντες
500 1910 545 1987 ῶς
576 1912 633 1998 βίᾳ
665 1907 720 1975 καλ
751 1912 874 1993 πλήθει
906 1907 1119 1996 ἁλωσόμενον

68 2016 248 2101 4ἐξῆλθον
281 2015 402 2103 ἀθρόοι
434 2017 509 2101 διχῇ
541 2019 713 2099 νείμαντες
745 2015 875 2093 αύτούς.
925 2019 1057 2100 γίνεταί
1085 2041 1118 2084 τε

106 2123 208 2209 μένας
236 2123 327 2206 ἀγὼν
355 2119 399 2187 δι’
425 2121 505 2206 όλης
531 2130 589 2206 τῆς
615 2120 738 2208 ἡμέρας
765 2124 886 2206 ἰταμῶς
913 2121 1024 2189 αὐτῶν
1052 2123 1119 2189 ἐπι-

105 2233 293 2315 βαινόντων
322 2240 392 2306 τοῖς
420 2231 669 2315 προτειχίσμασι
695 2229 778 2294 κατὰ
803 2229 910 2295 πολλοὶ
936 2225 1035 2317 μέρη,
1064 2229 1119 2296 καὶ

26 2364 29 2369 ·
65 2337 182 2407 ωὀύτε
205 2341 338 2402 παλτῶν
360 2336 436 2401 ούτε
459 2339 567 2419 βελῶν
590 2335 655 2401 ὑπὸ
677 2333 823 2413 τοξοτῶν
846 2335 922 2400 οὔτε
944 2336 1120 2423 χερμάδων

105 2442 169 2508 ἀπὸ
189 2444 376 2528 σφενδόνης
394 2438 582 2526 ἀφιεμένων
601 2441 821 2518 ἀδιαλείπτοις
841 2445 955 2525 βολαῖς
969 2440 1120 2530 ἀνειργο-

105 2546 224 2633 μένων.
259 2551 344 2614 ἔνθα
369 2549 410 2632 δὴ
429 2547 755 2634 παρακελευσάμενοι
774 2545 928 2631 ἀλληλοις
946 2546 965 2610 ό
983 2571 1019 2612 τε
1037 2548 1119 2614 ὕπα-

105 2678 161 2733 τος
187 2652 242 2721 καλ
270 2655 288 2720 ὁ
316 2656 517 2740 πρεσβευτὴς
543 2651 601 2740 ὑφ’
630 2653 688 2720 ἕνα
714 2655 831 2741 καιρὸν
859 2652 1120 2732 ἀναπετάσαντες

178 2843 335 2920 1μέσ<αι>
352 2845 467 2909 νύκταις
485 2845 531 2900 Ba
591 2851 607 2899 5
629 2846 724 2900 Τίτιον
742 2845 789 2898 Ba
848 2851 865 2900 9
883 2846 1120 2917 ουνειςαμαηόυτα

105 2919 151 2972 Ba
207 2923 240 2971 10
259 2920 407 2972 συνελθεῖν
426 2915 462 2972 ἂν
481 2915 583 2987 τάχους
600 2914 625 2969 Α
684 2922 717 2970 11
737 2913 912 2984 διεπόφωσαε
931 2916 954 2971 0
974 2913 1119 2987 ἐπέφωσκε

106 3006 130 3044 ο.
140 2987 262 3043 Dindorf
273 2988 302 3042 in
318 2989 413 3058 steph.
423 2988 508 3054 Thes.¹
517 3005 538 3042 ε.
548 3004 574 3042 v.
585 2987 774 3055 διεκιφόσαω,
789 2985 929 3056 διέφωσκε
943 3005 967 3044 ο.
976 2987 1121 3060 Kiessling

107 3066 141 3113 12
165 3055 317 3121 ἐθέλοντας
341 3058 364 3113 0
388 3059 463 3127 quod
486 3058 540 3114 def.
560 3057 673 3113 Lobeck
696 3058 733 3111 ad
755 3057 856 3128 Phryn.
879 3076 907 3128 p.
928 3065 943 3112 7
968 3054 1120 3122 ἐθελοντὰς

106 3131 228 3201 Sylburg
325 3137 359 3184 14
383 3128 524 3200 ἐμενονΟ
549 3126 662 3199 ἔμελλον
681 3146 704 3183 υ.
725 3127 847 3198 Sylburg
862 3128 935 3183 nihil
953 3133 1120 3186 mutandum

107 3204 151 3255 est
212 3206 246 3255 16
265 3201 314 3255 καί
333 3201 397 3256 add.
415 3199 559 3269 Kiessling
579 3202 583 3269 Ι
604 3198 672 3255 ὥστε
691 3199 736 3253 Ba
798 3206 831 3254 17
850 3199 953 3262 αύτούς
971 3201 1024 3254 ΑΒ
1088 3207 1119 3257 18

104 3271 193 3326 verba
214 3272 280 3326 inde
304 3273 340 3327 ab
364 3271 450 3343 μεήας
472 3288 560 3340 usque
584 3271 621 3326 ad
645 3265 848 3408 ἐπιφαινόντων
872 3288 925 3325 om.
944 3270 992 3326 Βει
1087 3278 1120 3327 20

107 3343 195 3467 βεὺλῶν
219 3342 276 3396 ἀπὸ
299 3343 421 3398 0111.Βῦ
446 3344 509 3397 add.
529 3340 603 3412 Cmg
628 3344 632 3410 l
656 3361 690 3396 το
706 3349 776 3396 οτῶν
796 3340 818 3395 Ο
841 3339 930 3407 τόξων
954 3360 977 3398 ο.
999 3343 1121 3414 Sylburg

149 3409 188 3463 τιὸ
206 3429 256 3480 pro
275 3413 332 3467 ἀπὸ
351 3431 404 3484 ego

61 3462 167 3616 Ἰ
