2424 3848
101 174 164 237 112
523 177 765 242 -Ζ-.

99 338 279 420 ποιήσομαι
306 345 367 401 τοῦ
394 338 518 421 χρόνου
546 336 607 419 τὴν
634 334 829 422 τέκμαρσιν,
859 332 906 401 ὅτ’
934 337 1032 403 ούπω
1061 338 1136 422 τὴν

98 450 156 526 τῆς
178 438 337 519 Ἑλλάδος
364 438 455 528 εἶχον
478 442 660 527 ἡγεμονίαν
684 439 764 508 οῦδὲ
791 443 897 527 άλλην
920 444 1128 510 διαπόντιον

100 549 261 634 οὐδεμίαν
280 549 397 636 άρχην,
416 553 548 640 Κοίντῳ
564 553 681 638 Φαβίῳ
699 553 863 636 βεβαιωτῇ
877 550 1051 635 χρώμενος
1067 548 1122 616 καί

100 655 257 741 οὐδεμιᾶς
289 660 336 722 ἔτι
369 659 526 741 δεόμενος
561 659 701 733 πίστεως
733 653 858 741 ἑτέρας·
896 659 1120 735 παλαιότατος

73 763 162 847 ιγάρ
186 761 270 849 ἀνὴρ
294 773 361 828 τῶν
384 763 424 827 τά
441 760 603 847 Ῥωμαϊκὰ
627 759 899 846 συνταξαμένων,
925 763 982 826 καὶ
1005 766 1117 829 πίστιν

100 869 161 934 ούκ
185 868 217 947 ἐξ
242 863 290 934 ὧν
312 871 434 952 ἤκουσε
458 872 575 953 μόνον,
598 866 756 934 ἀλλὰκαὶ
779 867 812 946 ἐξ
836 861 884 934 ὧν
906 867 1009 946 αὐτὸς
1032 871 1115 954 έγνω

99 978 330 1061 παρεχόμενος.

64 1085 86 1148 2
172 1084 303 1166 Ταύτην
323 1082 364 1165 δη
383 1081 444 1164 τὴν
463 1077 582 1165 ἑορτὴν
601 1079 785 1165 ἐψηφίσατο
804 1076 866 1164 μέν
884 1079 905 1164 ἡ
925 1081 1033 1165 βουλὴ
1052 1091 1117 1147 τῶν

95 1185 264 1272 Ῥωμαίων
283 1189 389 1271 άγειν,
413 1187 459 1263 ὡς
475 1184 530 1251 καὶ
548 1188 711 1274 πρότερον
731 1187 827 1272 ἔφην,
846 1186 929 1252 κατά
947 1187 1007 1264 τὰς
1025 1210 1119 1271 γενο-

60 1315 86 1356 10
100 1293 201 1380 μένας
228 1293 326 1379 εὐχὰς
359 1292 424 1358 ὑπὸ
456 1302 516 1358 τοῦ
549 1292 741 1378 δικτάτορος
768 1292 884 1357 Αύλου
913 1297 1120 1378 Ποστομίου,

100 1397 148 1465 ὅτ’
172 1402 307 1484 ἔμελλεν
331 1398 552 1482 άγωνίῇσθαι
572 1400 656 1484 πρὸς
678 1399 736 1474 τὰς
755 1398 943 1476 ἀποστάσας
961 1403 1150 1467 Λατίνων14

93 1509 212 1582 ,πόλεις
230 1505 385 1588 κατάγειν
400 1504 627 1591 ἐπιχειρούσας
645 1505 833 1590 Ταρκύνιον
847 1502 900 1570 ἐπὶ
918 1505 979 1589 τὴν
998 1505 1119 1593 ἀρχήν·

100 1611 310 1677 ἀναλοῦσθαι
334 1607 365 1676 δ’
391 1609 481 1689 ἐταξε
504 1607 582 1676 καθ’
605 1604 743 1676 ἕκαστον
766 1609 920 1677 ἐνιαυτὸν
943 1617 991 1688 εἷς
1008 1635 1045 1678 τε
1063 1615 1122 1691 τὰς

100 1721 223 1794 θυσίας
250 1715 305 1782 καὶ
331 1718 410 1794 τοὺς
437 1716 568 1800 ἀγῶνας
595 1716 757 1803 ἀργυρίου
780 1720 998 1795 πεντακοσίας
1022 1728 1120 1803 μνᾶς·

61 1846 86 1886 ιι
101 1820 155 1889 καὶ
179 1823 274 1908 μέχρι
297 1833 357 1889 τοῦ
378 1827 575 1888 Φοινικικοῦ
598 1825 744 1907 πολέμου
762 1819 853 1889 ταῦτ’
875 1822 1053 1891 ἐδαπάνων
1073 1827 1121 1904 είς

66 1932 162 2015 3την
185 1929 313 2016 ἑορτήν.
359 1929 396 1995 ἐν
420 1927 457 1994 δὲ
479 1941 549 2005 ταῖς
573 1930 676 2013 ίεραίς
697 1927 834 2016 ἡμέραις
854 1931 990 2008 ταύταις
1011 1930 1128 1998 πολλά

101 2033 162 2121 μὲν
185 2036 240 2103 καὶ
259 2038 342 2102 άλλα
362 2034 488 2118 ἐγίνετο
506 2038 623 2119 νόμοις
635 2031 841 2118 Ἑλληνικοῖς
859 2035 941 2100 κατά
959 2057 994 2100 τε
1013 2058 1119 2123 πανη-

101 2145 285 2227 γυρισμοὺς
307 2140 362 2206 καὶ
386 2139 491 2219 ξένων
513 2141 679 2227 ὑποδοχὰς
701 2140 756 2207 καὶ
780 2140 968 2227 ἐκεχειρίας,
991 2141 1118 2211 δπολι)

101 2247 143 2314 διν
159 2251 266 2333 ἐργον
285 2253 336 2331 εἴη
360 2245 481 2332 λέγειν,
502 2249 542 2312 τά
562 2244 598 2312 δέ
616 2245 692 2333 περὶ
710 2250 845 2332 πομπήν
863 2270 898 2312 τε
916 2246 972 2313 καλ
989 2254 1118 2317 θυσίαν

62 2378 88 2418 ιο
101 2352 156 2419 καλ
179 2355 219 2420 τὰ
241 2355 323 2419 κατὰ
346 2357 424 2431 τοὺς
447 2353 589 2437 ἀγῶνας·
613 2353 740 2440 ἀπόχρη
764 2355 828 2440 γάρ
852 2353 888 2420 ἐκ
909 2355 1041 2422 τούτων
1064 2355 1119 2423 καλ

101 2462 142 2525 τά
165 2461 209 2545 μη
233 2459 394 2546 λεχθέντα
418 2460 588 2540 ἐξετάζειν·
611 2461 734 2526 τοιάδε.

168 2567 303 2632 LXXII.
327 2566 418 2649 Πρὶν
432 2566 596 2652 άρξασθαι
610 2578 677 2632 τῶν
691 2565 843 2651 ἀγώνων,
859 2569 995 2652 πομπὴν
1009 2571 1118 2636 έστελ·

102 2679 163 2740 λον
184 2685 254 2751 τοῖς
276 2679 369 2750 θεοῖς
391 2675 427 2740 οί
446 2675 507 2758 την
530 2678 687 2758 μεγίστην
711 2676 840 2759 ἔχοντες
863 2672 1031 2760 ἐξουσίαν,
1054 2675 1117 2742 ἀπὸ

100 2789 161 2846 τοῦ
191 2783 404 2846 Καπιτωλίου
431 2803 466 2846 τε
494 2778 549 2846 καλ
580 2778 624 2845 δι’
659 2779 783 2866 ἀγορᾶς
810 2781 948 2863 άγοντες
975 2779 1031 2848 ἐπὶ
1061 2785 1119 2850 τὸν

62 2911 88 2952 ει
101 2885 205 2971 μέγαν
235 2887 451 2973 ίππόδρομον.
500 2886 644 2970 ἡγοῦντο
678 2882 714 2951 δέ
745 2895 804 2971 τῆς
829 2895 960 2971 πομπῆς
985 2900 1118 2975 πρῶτον

50 3073 52 3078 ’
173 3078 316 3150 ὅδάνὴρ
335 3079 360 3132 A
379 3078 451 3151 ἀνὴρ
470 3079 492 3132 Β
512 3077 584 3149 ἀνὴρ
603 3095 626 3133 ο.
645 3078 790 3148 Kieesling
870 3085 903 3134 13
923 3081 1025 3154 είςτε]
1047 3083 1130 3138 εἴτε

100 3185 126 3238 A
199 3192 231 3240 15
251 3171 383 3254 φοινύάου
402 3186 427 3238 Α
497 3194 528 3242 17
542 3186 832 3256 πανηγυριασμοῦςΒ
897 3192 930 3241 18
946 3182 1130 3261 ἐκκεχειρίαο·

101 3291 230 3416 Βχπολῦ
251 3287 333 3417 ἐχγον
352 3291 388 3346 διν
409 3293 451 3360 είη
472 3290 494 3345 Ο
514 3294 666 3361 μτοολοτΒ
728 3299 763 3347 λθ
783 3291 832 3348 καλ
845 3275 904 3347 κοπίδι
921 3294 988 3357 τοῦς
1006 3295 1032 3349 Α
1086 3301 1123 3350 22

101 3381 139 3432 πρ
153 3383 170 3417 ν
188 3361 241 3432 γὰρ
371 3370 405 3417 23
426 3359 567 3434 ἐξουσίαν]
591 3364 689 3418 οὐσίαν
713 3380 736 3418 ο.
756 3364 914 3418 Mommsen
932 3364 968 3420 de
987 3366 1123 3422 tribubus

101 3452 128 3502 p.
144 3440 177 3488 66
251 3440 285 3488 24
303 3442 353 3488 τοῦ
372 3438 488 3488 Καπιτω
508 3434 537 3488 in
554 3452 609 3490 ras.
628 3434 675 3488 Bb
