2424 3848
105 189 169 254 154
524 193 693 243 -H-

101 359 147 438 τῷ
175 352 269 439 δημςο
297 351 451 433 κατάγειν
479 351 582 417 αὐτὸν
609 351 815 437 ἠναντιώθη·
845 356 971 439 πότερα
999 366 1117 441 πεῖραν

100 457 206 523 αὐτοῦ
233 455 416 541 ποιουμένη
449 467 506 541 τῆς
532 460 665 544 γνώμης
695 456 751 524 καί
783 467 828 548 τῷ
856 459 900 545 μὴ
930 471 1116 547 συγχωρεῖν

101 561 239 648 ἑτοίμως
267 561 321 628 έπί
344 565 380 629 τὸ
404 569 531 648 μᾶλλον
555 565 753 644 σπουδάζειν
776 564 880 632 αὐτὸν
901 577 1115 654 παρορμῶσα,

100 670 121 755 ἣ
149 669 207 745 τδις
232 667 310 735 καθ’
337 667 455 753 ἑαυτῆς
481 670 714 737 ἀπολύσασθαι
741 670 930 757 βουλομένη
959 674 1115 758 διαβολὰς

72 771 186 861 εὑπὲρ
204 785 264 841 τοῦ
282 778 428 860 μηθενὸς
447 771 494 841 ὧν
512 779 670 862 ἔπραττεν
688 777 707 843 δ
725 775 811 863 ἀνὴρ
830 780 911 862 μήτε
929 781 1022 845 αίτία
1039 781 1114 864 μήτε

102 884 262 967 συνεργὸς
279 878 374 947 εἶναι.
420 886 564 968 χαλεπὸν
581 885 644 970 γάρ
663 879 706 968 ην
724 881 915 970 ἀπόρρητον
933 888 1114 970 γενόμενον

101 989 203 1073 αὐτῆς
224 990 262 1054 τὸ
285 988 455 1072 βούλευμα
478 991 670 1072 συμβαλεῖν

167 1094 274 1160 XXII.
306 1090 464 1172 Ἀκούσας
491 1091 529 1160 δέ
557 1105 659 1161 ταῦτα
685 1091 762 1180 παρ’
788 1096 988 1180 αὐτομόλων
1015 1108 1114 1164 τινῶν

100 1203 118 1269 δ
137 1202 301 1287 Μάρκιος,
319 1201 364 1278 ώς
382 1196 469 1286 εἶχεν
485 1200 597 1287 ὀργῆς,
615 1201 720 1279 εύθύς
739 1200 926 1284 ἀναστήσας
938 1204 1003 1286 τὴν
1017 1204 1115 1269 δύνα-

61 1333 86 1372 ιο
100 1333 158 1393 μιν
176 1304 258 1392 ἦγεν
281 1305 334 1373 ἐπὶ
352 1309 413 1392 την
430 1305 570 1392 Ῥώμην,
592 1309 746 1392 φυλακην
768 1318 829 1374 τοῦ
847 1311 1039 1375 Λαουινίου
1058 1310 1115 1394 τὴν
1150 1377 1154 1386 ,

101 1415 269 1497 ἀρκοῦσαν
291 1415 494 1479 καταλιπών·
517 1412 573 1479 καὶ
596 1414 713 1479 αὐτίκα
730 1423 789 1498 τῆς
810 1417 938 1492 πόλεως
961 1418 1116 1494 σταδίους

100 1521 338 1603 τετταράκοντα
361 1518 515 1605 ἀποσχὼν
533 1519 872 1605 κατεστρατοπέδευσε
889 1518 968 1606 περὶ
986 1523 1047 1600 τὰς
1064 1545 1116 1588 κα-

64 1625 264 1710 2λουμένας
286 1627 446 1702 Κλοιλίας
474 1626 629 1712 τάφρους.
675 1631 823 1710 μαθοῦσι
847 1621 884 1690 δὲ
906 1627 970 1710 την
993 1649 1116 1715 παρου-

102 1735 178 1797 σίαν
210 1730 313 1797 αὐτοῦ
345 1742 414 1807 τοῖς
449 1733 531 1796 κατδι
566 1732 628 1815 τὴν
661 1734 760 1798 πόλιν
791 1741 952 1808 τοσοῦτος
984 1731 1115 1800 ἐνέπεσε

61 1861 87 1902 ιι
100 1839 249 1923 θόρυβος
280 1838 325 1914 ώς
357 1837 474 1903 αὐτίκα
503 1849 574 1916 τοῖς
599 1842 720 1924 τείχεσι
746 1848 807 1906 τοῦ
834 1837 985 1924 πολέμου
1016 1853 1162 1927 προσ-ιώ(

101 1943 252 2027 άξοντος,
279 1941 365 2009 ὥσθ’
391 1944 427 2009 οί
451 1941 512 2028 μὲν
536 1942 589 2010 ἐπὶ
610 1945 652 2010 τδι
674 1949 763 2031 τείχη
785 1947 827 2011 τδι
849 1945 935 2011 ὅπλα
958 1950 1116 2030 λαβόντες

101 2054 200 2117 ἔθεον
223 2053 304 2117 ἀνευ
326 2049 608 2136 παραγγέλματος,
635 2052 670 2116 οί
691 2049 720 2116 δ’
749 2049 802 2117 ἐπί
823 2052 881 2128 τὰς
903 2051 1013 2130 πύλας
1036 2053 1116 2119 κατὰ

100 2164 229 2242 πλῆθος
251 2156 410 2242 έφέροντο
433 2156 534 2243 χωρὶς
555 2158 728 2241 ἡγεμόνος,
755 2158 791 2223 οί
811 2154 848 2223 δὲ
871 2159 949 2235 τοὺς
973 2160 1117 2236 δούλους

101 2267 364 2340 καθοπλίσαντες
386 2262 440 2328 έπὶ
461 2274 531 2340 τοϊς
553 2263 661 2346 τέγεσι
682 2274 751 2337 τῶν
774 2266 889 2330 οίκιῶν
908 2264 1064 2350 ἵστασαν,
1086 2265 1120 2331 οί

60 2391 87 2431 νο
102 2365 139 2435 δὲ
165 2372 227 2453 τήν
255 2367 285 2434 τ’
311 2371 416 2455 άκραν
443 2369 498 2435 καὶ
521 2372 558 2436 τὸ
582 2371 795 2435 Καπιτώλιον
816 2367 872 2435 καὶ
895 2372 974 2448 τοὺς
996 2373 1119 2449 ἀλλους

102 2475 266 2563 ἐρυμνοὺς
288 2480 410 2553 τόπους
426 2485 485 2561 τῆς
502 2478 628 2554 πόλεως
645 2477 944 2562 κατελαμβάνοντο,
963 2476 1120 2561 γυναῖκές

101 2607 135 2649 τε
159 2581 336 2666 λελυμέναι
358 2583 416 2659 τὰς
437 2585 541 2666 κόμας
568 2581 621 2647 ἐπὶ
646 2583 688 2647 τά
713 2581 833 2667 τεμένη
855 2581 1014 2661 καὶτοὺς
1036 2587 1120 2663 νεὼς

102 2693 202 2756 ἔθεον
229 2689 479 2776 ὀλοφυρόμεναί
503 2710 538 2752 τε
565 2685 620 2753 καί
648 2688 803 2773 δεόμεναι
831 2700 899 2754 τῶν
921 2695 1015 2755 θεῶν
1037 2690 1121 2757 ἀπο-

65 2794 241 2882 3στρέψαι
267 2803 325 2878 τῆς
351 2797 478 2871 πόλεως
504 2795 564 2859 τὸν
591 2793 726 2859 έπιόντα
748 2797 867 2880 φόβον.
912 2795 957 2872 ὡς
981 2793 1013 2861 δ’
1039 2797 1061 2880 ἥ
1083 2820 1118 2863 τε

172 2959 188 3007 1
208 2949 225 3020 ἢ
245 2956 283 3024 τῷ
302 2949 325 3004 0
344 2949 448 3022 καὶτῷ
466 2948 611 3018 Kiessling
633 2951 638 3019 1
660 2957 812 3020 συγχωρεῖν
832 2944 938 3025 ἕκάστηο
958 2951 981 3008 0
1000 2956 1117 3021 praeter

101 3026 124 3078 Β
144 3018 249 3096 ἑκάστῳ
269 3021 324 3076 def.
342 3020 447 3076 Reieke
536 3026 553 3074 3
571 3030 781 3091 παρορμῶσα..
801 3020 818 3090 ἢ
838 3021 861 3075 Β
950 3029 968 3076 4
986 3023 1038 3087 τὰς
1057 3027 1119 3089 ἴσας

103 3093 173 3151 καθ’
194 3095 218 3148 Β
237 3093 287 3156 τδις
304 3090 375 3147 καθ’
398 3087 499 3160 ἑαυτῆς
511 3092 538 3145 Β
554 3091 605 3154 τδις
624 3091 699 3154 ἰδίας
716 3091 787 3147 καθ’
810 3092 935 3148 SIntenis
953 3093 1016 3148 Em.
1036 3095 1119 3151 Dion.

101 3168 163 3222 119
262 3163 424 3238 λβούλημα
442 3163 488 3217 Ba
588 3169 620 3217 10
635 3161 815 3237 Ῥαμ<ην>βγ
841 3166 886 3234 (ex
901 3162 1119 3236 Ῥωμαίων1)Β

104 3244 136 3291 11
156 3235 362 3309 καταλ<ι>πών
381 3235 404 3287 Β
477 3241 511 3290 13
529 3235 660 3296 Κλοιλίας
672 3234 699 3289 A
716 3239 766 3290 τιλυ
782 3276 789 3290 .
804 3279 810 3292 .
826 3235 907 3298 ιαςΒ
982 3242 1016 3293 15
1035 3257 1121 3307 προς-

103 3306 214 3374 ἐξοντος
231 3306 254 3360 Β
269 3307 455 3376 προςάξοντος
473 3305 499 3359 Β
517 3305 689 3373 cf.v11114,
706 3312 730 3374 1,
752 3307 802 3361 τὸν
825 3305 948 3376 πόλεμον
972 3323 996 3363 ο.
1016 3309 1119 3364 Portus

104 3385 137 3433 19
156 3375 258 3448 τείχεσι
277 3377 308 3432 0.
328 3393 397 3432 corr.
419 3378 541 3502 Sylbmg
631 3377 749 3440 νότιος
771 3377 871 3440 ἀλλους
895 3377 960 3441 τούς
980 3372 1121 3451 ἐρυμνοὺς

102 3449 157 3503 ΑΒ
230 3455 264 3503 23
283 3445 461 3518 ἀποστρέψαι
480 3447 502 3502 Ο
541 3445 682 3518 ποτρέψαι
700 3464 724 3504 ο.
744 3447 833 3503 Cobet
852 3448 1034 3520 Obs.p.158
