2424 3848
494 203 661 257 -Θ-
1020 204 1085 268 373

70 386 184 447 ναμις,
212 358 296 446 ήγον
319 361 372 428 ἐπί
395 367 474 441 τοὺς
496 367 683 449 πολεμίους.
730 365 765 430 οἰ
786 362 823 430 δὲ
846 365 1088 452 διαρπάσαντες

69 466 126 533 καί
154 469 418 547 κατακαύσαντες
446 472 483 535 τὸ
510 472 675 557 φρούριον
703 467 852 558 ἀπῄεσαν
880 473 933 536 διά
959 472 1087 558 τάχους.

69 578 144 640 τότε
167 570 228 659 μὲν
251 570 314 641 οὖν
337 575 373 641 οἰ
391 575 511 641 ὐπατοι
535 573 711 660 σβέσαντες
729 579 769 642 τά
788 579 836 643 ἐτι
853 582 1013 664 καιόμενα
1031 578 1087 645 καὶ
1105 575 1126 638 3

68 690 131 747 τοῦ
149 683 274 767 χωρίον
292 683 445 767 φυλακήν
463 686 697 759 καταλιπόντες
714 681 864 770 άπήεσαν
884 686 931 762 εἰς
948 687 1010 769 τήν
1027 689 1087 752 πό-

70 793 139 853 λιν·
163 786 291 871 ὀλίγαις
315 785 346 853 δ’
362 787 503 874 ὐστερον
525 787 661 875 ήμέραις
682 788 741 866 τάς
762 787 790 854 τ’
810 791 932 867 οἰκείας
954 793 1086 876 ἐχοντες
1112 815 1125 857 ο

71 893 229 977 δυνάμεις
250 892 305 959 καί
322 895 386 970 τάς
408 895 498 980 παρά
521 903 588 960 τῶν
612 895 794 980 συμμάχων
818 893 956 981 ἐξῄεσαν
979 894 1086 983 άμφό-

70 1021 177 1085 τεροι,
204 999 400 1084 Οὐεργίνιος
422 997 484 1084 μὲν
507 999 561 1066 ἐπὶ
583 1002 646 1085 τήν
668 1002 839 1085 Αἰκανῶν,
861 1005 1027 1086 Νομίκιος
1050 999 1080 1067 δ’

71 1103 125 1172 ἐπὶ
160 1106 222 1189 τήν
256 1105 493 1172 Οὐολούσκων·
530 1105 586 1172 καὶ
623 1106 736 1184 αὐτοῖς
772 1105 972 1200 ἀμφοτέροις
1003 1109 1086 1173 κατά

70 1213 208 1296 γνώμην
230 1213 270 1277 τά
291 1222 353 1279 τοῦ
375 1210 522 1297 πολέμου
547 1211 722 1300 ἐχώρησεν.
761 1214 947 1302 Οὐεργινίῳ
968 1237 1004 1279 τε
1022 1215 1085 1299 γάρ
1104 1215 1127 1277 4

71 1316 213 1384 Αἰκανοὶ
237 1320 375 1405 δῃοῦντι
397 1321 459 1402 τήν
480 1319 592 1405 χώραν
616 1318 726 1385 αὐτῶν
750 1319 811 1385 οὐκ
834 1317 1017 1404 ἐτόλμησαν
1040 1321 1087 1397 εἰς
1101 1345 1128 1386 ιο

71 1435 184 1510 χείρας
207 1422 332 1509 ἐλθελν,
355 1426 439 1491 ἀλλά
462 1423 517 1491 καί
540 1428 642 1510 λόχον
663 1427 739 1491 τινά
761 1426 1027 1504 ὑποκαθίσαντες
1049 1423 1086 1492 ἐν

70 1529 167 1608 ὐλαις
199 1529 378 1598 ἐπιλέκτων
410 1524 575 1618 ἀνδρῶν,
599 1536 635 1597 οδ
664 1534 803 1617 ἔμελλον
835 1529 1087 1617 ἐσκεδασμένοις

71 1636 294 1722 ἐπιθήσεσθαι
325 1648 397 1715 τοίς
426 1641 613 1723 πολεμίοις,
650 1639 833 1725 διήμαρτον
864 1648 921 1723 τῆς
954 1637 1087 1716 ἐλπίδος

66 1746 203 1830 ταχείας
224 1742 405 1830 γενομένης
427 1754 497 1822 τοίς
510 1741 682 1830 Ῥωμαίοις
700 1747 888 1830 αἰσθήσεως
905 1743 962 1812 καί
980 1745 1086 1832 μάχης

26 1858 247 1936 ιθνκαρτερᾶς,
280 1848 313 1928 ἐξ
344 1846 383 1935 ής
411 1854 557 1928 πολλοὺς
585 1862 652 1917 τῶν
684 1850 852 1939 σφετέρων
882 1853 919 1918 οἰ
944 1851 1087 1919 Αἰκανοὶ
1101 1874 1127 1916 ιι

71 1954 252 2040 ἀπέβαλον·
275 1954 351 2022 ὥστ’
379 1954 454 2023 οὐδ’
482 1959 529 2034 εἰς
551 1969 670 2044 πεῖραν
693 1956 805 2045 ἐτέρας
827 1959 932 2044 μάχης
955 1955 1000 2022 ἐτ’
1027 1960 1086 2043 ήρ-

70 2083 181 2149 χοντο.
226 2066 380 2152 Νομικίῳ
403 2060 431 2128 τ’
454 2065 570 2148 ἄγοντι
592 2065 654 2148 τήν
678 2065 834 2150 στρατιάν
857 2061 911 2128 ἐπὶ
932 2062 994 2145 τήν
1012 2060 1086 2128 Ἀν-
1104 2062 1126 2127 5

70 2178 192 2234 τιατῶν
218 2170 333 2253 πόλιν,
360 2169 381 2252 ή
409 2168 446 2235 ἐν
473 2180 544 2247 ταῖς
571 2170 716 2256 πρώταις
742 2172 816 2235 τότε
842 2179 909 2234 τῶν
937 2167 1086 2234 Οὐολού-

71 2292 162 2342 σκων
189 2277 326 2341 πόλεσιν
352 2271 411 2360 ἦν,
439 2275 578 2360 οὐδεμία
605 2276 798 2360 ἠναντιώθη
827 2275 983 2359 δύναμις,
1010 2271 1083 2340 ἀλλ’

71 2381 135 2447 άπὸ
163 2392 231 2448 τῶν
257 2392 375 2468 τειχῶν
402 2381 627 2466 άναγκάζωτο
651 2381 782 2447 ἕκαστοι
806 2380 1002 2465 άμύνεσθαι.
1049 2378 1085 2446 ἐν
1100 2403 1126 2445 εο

72 2485 110 2553 δὲ
133 2488 240 2576 τούτῳ
262 2489 284 2572 ή
303 2511 337 2554 τε
356 2496 397 2573 γή
417 2488 527 2555 αὐτῶν
545 2489 566 2573 ἡ
585 2489 691 2572 πολλή
711 2486 850 2572 ἐτμήθη,
871 2484 927 2552 καί
944 2488 1085 2573 πολίχνη

71 2619 122 2672 τις
149 2593 380 2671 ἐπιθαλάττιος
407 2592 492 2660 ἑάλω
499 2645 509 2679 ,
537 2588 559 2681 ᾖ
587 2593 719 2682 ἐπινείῳ
746 2617 781 2659 τε
808 2591 864 2658 καὶ
891 2591 997 2679 άγορᾷ
1018 2602 1086 2658 τῶν

72 2702 122 2779 εἰς
143 2703 202 2767 τὸν
226 2704 302 2785 βίον
326 2700 516 2796 ἀναγκαίων
540 2699 701 2788 ἐχρῶντο,
725 2699 761 2766 ἐκ
783 2700 950 2784 θαλάττης
972 2722 1007 2764 τε
1029 2696 1086 2764 καὶ

73 2809 129 2874 διά
152 2811 339 2896 ληστηρίων
362 2809 421 2885 τάς
442 2808 568 2885 πολλάς
591 2806 789 2892 ἐπαγόμενοι
813 2807 982 2891 ὠφελείας.
1028 2804 1086 2871 άν-

72 2915 225 3000 δράποδα
246 2910 308 2998 μὲν
331 2909 393 2981 οὐν
411 2912 467 2980 καί
485 2915 634 3000 χρήματα
652 2912 707 2980 καί
725 2914 916 2998 βοσκήματα
934 2908 990 2976 καί
1008 2911 1086 2988 τούς
1099 2933 1126 2976 ω

71 3019 271 3106 ἐμπορικοὺς
293 3023 439 3108 φόρτους
460 3019 481 3102 ἡ
501 3021 637 3107 στρατιά
656 3020 861 3106 συγχωρήσει
879 3026 939 3083 τοῦ
957 3016 1086 3082 ὐπάτον

145 3253 158 3301 1
183 3241 338 3321 ὐγ<ον>Β
432 3252 447 3300 7
473 3241 520 3301 ἐπὶ
536 3245 588 3314 τὴν
607 3243 736 3300 Αἰκανῶν
756 3245 893 3315 Νομίκιος
912 3243 944 3300 δὲ
966 3259 1020 3299 om.
1038 3243 1086 3296 Ba

72 3326 105 3374 16
126 3315 167 3373 ἐτι
184 3318 207 3371 Β
278 3325 311 3381 18
329 3317 364 3443 ἣχ
379 3320 446 3388 post
463 3315 545 3372 πόλιν
564 3317 666 3372 lacuna
685 3318 821 3387 quattuor
838 3315 897 3370 fere
915 3314 1085 3382 litterarum,

70 3390 87 3459 ἣ
108 3392 139 3444 εἰ
156 3391 218 3444 τότε
237 3389 301 3444 add.
317 3388 340 3442 B
455 3395 489 3443 20
509 3387 632 3460 ἔκαστοι]
653 3382 762 3443 ἐκεῖνον
781 3402 804 3442 ο.
819 3386 950 3442 Hertlein
968 3384 1087 3439 Hermes

70 3461 96 3516 x
115 3466 168 3515 418
240 3466 274 3515 ιι
295 3454 369 3517 ἕλκω,
385 3476 438 3517 om.
458 3458 539 3514 ABG
558 3459 623 3515 add.
642 3457 717 3530 Gmg
