2378 3840
113 186 157 250 10
538 190 700 239 -Ζ-

111 346 214 432 λέμου
237 347 339 433 βάρος
360 348 506 425 ὑποστάς
528 345 583 414 καί
605 350 665 414 τὸν
688 347 834 431 ἡγεμόνα
854 358 920 412 τῶν
944 351 1125 433 Τυρρηνῶν

112 453 300 541 αὐτοχειρίᾳ
325 457 455 531 κτείνας
481 452 591 540 τρέπει
618 457 697 531 τοὺς
722 455 844 531 άλλους
867 457 915 531 είς
937 455 1048 540 φυγην
1071 451 1125 518 καὶ

76 561 208 643 3νίκην
233 559 416 644 ἀναιρεῖται
438 571 554 625 πασῶν
576 561 817 645 λαμπροτάτην.
864 558 1126 645 διαπραξάμενος

111 662 149 730 δὲ
179 675 283 731 ταῦτα
313 664 369 731 καὶ
400 664 552 751 τιμηθείς
583 666 648 732 ὑπὸ
680 677 747 731 τῶν
775 664 958 751 Ἀρικηνῶν
989 671 1127 742 πολλαῖς

84 773 251 857 ιδωρεαϊς
278 770 414 838 ἀπέπλει
442 773 497 837 διὰ
524 770 649 859 ταχέων
677 772 776 849 αὐτὸς
804 773 943 855 ἀγγελος
965 782 1034 848 τοϊς
1056 774 1125 836 Κυ-

111 882 220 963 μαίοις
241 887 299 962 τῆς
321 878 424 945 αὑτοῦ
447 883 541 963 νίκης
562 881 766 963 βουλόμενος
787 875 960 960 γενέσθαι·
993 879 1124 942 εἵποντο

111 981 140 1049 δ’
168 985 256 1072 αὐτῷ
284 983 405 1050 πολλαὶ
431 986 519 1050 πάνυ
547 995 613 1051 τῶν
633 983 815 1069 Ἀρικηνῶν
841 983 979 1059 ὁλκάδες
1006 983 1045 1048 τὰ
1068 983 1125 1047 λά-

97 1104 201 1176 φυρα
227 1089 283 1156 καὶ
310 1093 389 1168 τοὺς
415 1091 642 1177 αίχμαλόιτονς
667 1101 735 1156 τῶν
765 1093 946 1176 Τυρρηνῶν
974 1090 1124 1171 ἄγουσαι.

74 1196 155 1273 4ὡς
178 1192 215 1261 δὲ
238 1200 380 1282 πλησίον
404 1196 557 1280 ἐγένοντο
581 1206 638 1281 τῆς
656 1198 785 1282 Κύμης,
807 1196 945 1282 ὁρμίσας
966 1196 1024 1272 τὰς
1041 1204 1125 1271 ναῦς

70 1325 96 1365 ιο
111 1301 285 1388 ἐκκλησίαν
312 1314 373 1370 τοῦ
400 1314 542 1391 στρατοῦ
573 1315 732 1387 ποιεῖται,
757 1302 813 1368 καὶ
840 1304 946 1368 πολλά
974 1298 1034 1387 μὲν
1057 1312 1124 1366 τῶν

109 1412 360 1492 προεστηκότων
391 1418 449 1492 τῆς
479 1412 606 1485 πόλεως
636 1412 879 1495 κατηγορήσας,
909 1410 1054 1483 πολλοὺς
1087 1402 1123 1472 δὲ

109 1525 176 1579 τῶν
199 1514 529 1599 ἀνδραγαθησάντων
551 1515 633 1580 κατά
655 1518 717 1600 την
738 1517 846 1600 μάχην
864 1514 1020 1590 ἐπαίνους
1038 1516 1124 1578 διελ-

108 1620 182 1684 θὼν
210 1618 371 1705 ἀργύριόν
399 1643 434 1685 τε
462 1622 599 1697 διαδοὺς
626 1621 738 1697 αὐτοῖς
762 1616 831 1685 κατ’
859 1620 966 1704 ἀνδρα
989 1617 1124 1695 καὶτὰς

108 1726 197 1811 παρά
220 1737 286 1791 τῶν
302 1719 484 1813 Ἀρικηνῶν
506 1727 632 1811 δωρεάς
649 1728 697 1802 είς
714 1728 831 1791 κοινὸν
849 1727 950 1790 άπασι
968 1722 1124 1801 καταθεὶς

71 1851 97 1893 ιι
109 1829 205 1914 ἠξίου
232 1838 422 1916 μεμνῆσθαι
449 1843 516 1897 τῶν
544 1832 759 1918 εὐεργεσιῶν,
786 1830 828 1896 ἀν
853 1824 1122 1895 καταπλεύσωσιν

109 1940 156 2014 είς
178 1939 239 2022 τὴν
261 1940 416 2024 πατρίδα,
437 1936 494 2003 καὶ
519 1940 561 2003 ἀν
583 1961 633 2015 τις
655 1937 743 2025 αὐτῷ
767 1958 846 2002 ποτε
868 1939 1035 2020 συμβαίνῃ
1057 1939 1124 2001 κίν-

109 2044 211 2122 δυνος
239 2045 275 2110 ἐκ
300 2054 358 2128 τῆς
382 2045 572 2130 ὀλιγαρχίας
596 2045 640 2121 ὡς
663 2040 804 2128 δύναμις
826 2041 951 2131 ἑκάστῳ
974 2046 1123 2126 βοηθεῖν.

72 2148 263 2220 ὁάπάντων
287 2147 324 2216 δέ
346 2151 471 2228 πολλὰς
494 2151 749 2235 ὁμολογούντων
772 2149 861 2235 αὐτῷ
883 2149 1017 2235 χάριτας
1039 2145 1188 2217 eidi-132.

106 2279 163 2320 ναι
186 2265 243 2339 τῆς
265 2254 293 2322 τ’
317 2256 516 2323 ἀνελπίστου
539 2260 713 2342 σωτηρίας,
736 2256 779 2339 ἣν
800 2252 844 2320 δι’
867 2253 994 2320 ἐκεῖνον
1013 2256 1122 2339 ἔσχον,

68 2359 163 2426 ιοκαί
189 2371 246 2446 τῆς
274 2360 328 2427 ἐπὶ
355 2364 395 2427 τά
422 2365 526 2428 οίκεία
549 2363 591 2428 οὐ
614 2365 677 2428 σὺν
700 2371 811 2438 κεναῖς
832 2359 946 2447 χερσὶν
969 2359 1122 2445 ἀφίξεως,

107 2465 163 2531 καὶ
190 2468 247 2544 τάς
275 2465 402 2534 ἑαυτῶν
424 2470 531 2555 ψυχάς
553 2475 679 2534 θάττον
702 2468 722 2552 ἢ
745 2469 807 2552 την
831 2467 959 2533 ἐκείνου
981 2467 1122 2560 προησε-

109 2579 189 2639 σθαι
216 2586 285 2650 τοῖς
313 2573 447 2661 ἐχθροῖς
474 2572 778 2659 ἐπαγγειλαμένων,
806 2570 979 2649 ἐπαινέσας
1001 2570 1122 2648 αὐτοὺς

108 2678 251 2746 ἀπέλυσε
272 2684 334 2767 τὴν
357 2680 542 2767 ἐκκλησίαν.
578 2679 634 2746 καὶ
653 2681 733 2764 μετὰ
750 2689 849 2745 τοῦτο
867 2684 977 2743 καλῶν
995 2680 1043 2755 είς
1060 2680 1121 2762 την

108 2786 212 2853 αὑτοῦ
240 2788 366 2872 σκηνην
392 2789 471 2864 τοὺς
497 2787 742 2874 πονηροτάτους
769 2785 802 2864 ἐξ
830 2785 940 2850 αὐτῶν
962 2783 1121 2850 καὶκατὰ

68 2915 95 2956 ετ
108 2905 201 2979 χεῖρα
228 2893 482 2978 γενναιοτάτους
509 2895 644 2979 δωρεῶν
671 2915 705 2958 τε
734 2893 825 2957 δόσει
852 2889 907 2957 καὶ
934 2893 1044 2974 λόγων
1067 2915 1121 2975 φι-

108 3005 308 3088 λανθρωπία
335 2999 390 3066 καὶ
411 3011 484 3078 ταῖς
506 3001 651 3076 ἅπαντας
675 2998 895 3077 ἐξαπατώσαις
919 2997 1026 3064 ἐλπίσι
1050 2999 1122 3061 δια-

180 3229 196 3276 5
215 3224 383 3295 αὐτάγγελος
401 3243 424 3281 ο.
444 3225 532 3281 Cobet
551 3225 615 3282 obs.
634 3244 662 3295 p.
683 3230 734 3280 135
789 3231 805 3279 6
824 3227 910 3280 αότοῦ
928 3225 981 3278 ΑΒ
1036 3230 1051 3278 7
1071 3224 1120 3278 αό-

107 3315 163 3350 τω.
181 3296 204 3348 Β
255 3301 270 3348 9
290 3296 453 3370 όρμ<ί>σας
470 3298 493 3350 Β
545 3303 578 3350 14
596 3304 665 3351 πᾶσι
680 3296 702 3352 0
722 3313 791 3351 corr.
805 3295 949 3365 Kiessling
964 3298 968 3365 Ι
984 3294 1121 3356 καταθεὶς

107 3366 131 3420 Β
149 3364 269 3433 προθείς
281 3366 307 3419 R
351 3374 384 3422 22
405 3363 648 3438 ἐπαγγελλομένων
664 3366 686 3422 0
700 3367 849 3436 praeterB
895 3373 930 3422 24
948 3367 1033 3439 αὐτοῦ
1048 3365 1117 3436 AB*

107 3435 327 3507 τολμηροτάτους
345 3453 369 3492 ο.
389 3438 461 3492 Smit
481 3439 545 3494 Obs.
564 3457 591 3509 p.
611 3445 645 3494 33
