2424 3848
545 156 712 205 -Η-
1071 151 1132 217 191

118 315 222 392 αὑτὰς
242 317 448 400 ποιήσασθαι
471 313 526 380 καὶ
550 312 720 400 ὠφέλειαν.
767 312 837 381 ἐπεὶ
861 311 891 380 δ’
917 313 1021 400 άγχοῦ
1038 309 1172 401 ἧσαν,3

116 424 270 490 ὑπαντᾶν
293 431 333 508 τῇ
356 418 455 507 μητρὶ
477 422 656 507 προελθὼν
676 419 713 486 έκ
729 430 790 488 τοῦ
808 421 951 507 χάρακος
969 424 1054 507 έγνω
1074 425 1138 490 σὺν

119 529 261 614 ὀλίγοις,
289 528 367 604 τούς
390 550 424 593 τε
446 525 604 611 πελέκεις,
627 527 686 603 οὓς
705 535 927 615 προηγεῖσθαι
949 539 1017 595 τῶν
1041 545 1137 616 στρα-

117 645 229 721 τηγῶν
254 637 334 711 έθος
362 629 417 718 ἦν,
445 632 636 700 ἀποθέσθαι
664 634 822 711 κελεύσας
853 644 923 714 τοῖς
949 633 1138 723 ὑπηρέταις,

118 741 257 819 καὶτὰς
280 741 437 829 ῥάβδους,
461 739 542 805 ὅταν
565 739 664 824 έγγὺς
686 749 743 826 τῆς
766 744 889 827 μητρὸς
910 740 1058 827 γένηται,
1080 767 1137 808 κα-
1164 760 1178 802 ε

117 854 295 914 ταστεῖλαι.
340 856 442 913 ταῦτα
466 843 503 912 δὲ
526 844 697 932 Ῥωμαίοις
720 846 788 913 ἐστὶ
810 860 920 914 ποιεῖν
943 852 1033 934 ἔθος,
1057 849 1174 915 ὅταν4

119 953 291 1021 ὑπαντῶσι
317 965 389 1031 ταῖς
416 957 562 1038 μείζοσιν
585 951 700 1040 άρχαῖς
723 955 759 1021 οί
778 955 836 1031 τάς
858 954 1013 1033 ἐλάττους
1035 954 1138 1041 ἀρχάς

121 1064 263 1149 ἔχοντες,
282 1060 328 1137 ὡς
346 1057 445 1145 <καὶ>
463 1058 559 1148 μέχρι
577 1069 637 1126 τοῦ
655 1057 734 1126 καθ’
750 1060 835 1146 ἡμᾶς
853 1064 977 1148 χρόνον
995 1065 1137 1145 γίνεται·

119 1168 162 1253 ἣν
186 1170 228 1254 δὴ
251 1170 324 1234 τότε
348 1168 534 1251 συνήθειαν
556 1168 732 1252 φυλάττων
755 1167 774 1233 ὁ
794 1167 959 1253 Μάρκιος,
982 1168 1026 1245 ὡς
1045 1166 1137 1246 έξου-

122 1279 177 1364 σίη
205 1277 331 1360 μείζονι
358 1270 499 1358 μέλλων·
516 1275 564 1351 είς
590 1273 711 1340 ταύτὸν
737 1272 846 1359 ἥξειν,
873 1271 967 1340 πάντ’
994 1271 1137 1341 άπέθετο
1152 1295 1178 1335 ιο

122 1381 235 1465 τάπης
254 1381 341 1457 ίδίας
358 1379 536 1466 παράσημα
555 1378 667 1467 ἀρχῆς.
711 1382 855 1465 τοσαύτη
874 1378 951 1466 περὶ
974 1380 1077 1446 αὑτὸν
1094 1374 1138 1465 ἧν

120 1489 223 1564 αίδδος
245 1483 302 1552 καὶ
323 1489 466 1572 πρόνοια
487 1495 546 1570 της
568 1489 650 1572 πρὸς
671 1489 709 1553 τὸ
732 1485 829 1571 γένος
850 1486 1026 1572 εὐσεβείας.

188 1591 351 1658 XXXXV.
399 1589 488 1658 Ἐπεὶ
520 1588 559 1658 δδ
590 1593 752 1676 σύνεγγυς
784 1593 937 1679 άλλήλων
971 1592 1138 1680 ἐγένοντο,

121 1703 233 1787 πρώτη
257 1696 318 1784 μὲν
336 1699 426 1786 αὐτῷ
447 1698 667 1785 δεξιωσομένη
686 1706 879 1785 προσῆλθεν
896 1701 917 1786 ἡ
936 1703 1042 1787 μήτηρ
1060 1699 1138 1768 πέν-
1180 1699 1183 1717 '

121 1807 207 1892 θιμά
229 1804 257 1872 τ’
283 1804 488 1892 ἠμφιεσμένη
512 1807 613 1893 τρύχη
637 1804 693 1872 καὶ
715 1808 773 1885 τάς
795 1809 926 1895 ὁράσεις
947 1805 1137 1893 ἐκτετηκυῖα
1152 1825 1178 1867 1⁵

120 1913 186 1980 ὑπὸ
219 1923 286 1979 τῶν
319 1914 489 1999 δακρύων,
522 1912 648 1999 έλεεινη
677 1916 814 2000 σφόδρα.
865 1915 909 1998 ἣν
938 1915 956 1981 δ
984 1914 1139 2002 Μάρκιος

122 2021 206 2086 ίδδιν
228 2021 383 2105 ἄτεγκτος
400 2017 480 2097 τέως
497 2018 553 2085 καί
571 2023 718 2106 στερρός,
741 2011 812 2097 οἷος
832 2022 935 2086 άπασι
953 2030 1022 2096 τοῖς
1044 2018 1137 2085 άνια-

48 2138 194 2214 161οροῖς
217 2124 378 2212 άντέχειν,
401 2123 506 2192 οὐθὲν
528 2128 577 2192 έτι
600 2136 666 2191 τῶν
689 2124 933 2212 λελογισμένων
957 2125 1137 2211 φυλάττειν

123 2233 236 2310 ίκανδς
258 2226 313 2317 ἦν,
336 2229 406 2298 ἀλλ’
431 2231 533 2320 ᾤχετο
555 2235 739 2318 φερόμενος
760 2232 826 2299 ὑπὸ
850 2243 917 2299 τῶν
939 2239 1060 2298 παθῶν
1084 2230 1137 2298 έπλ

119 2342 158 2406 τὸ
191 2338 426 2425 ἀνθρώπινον,
457 2337 513 2405 καί
542 2339 729 2425 περιβαλὼν
759 2339 864 2423 αὐτὴν
893 2339 1052 2424 ἠσπάζετο
1082 2338 1137 2405 καὶ
1152 2357 1178 2398 2⁰

121 2457 193 2523 ταῖς
211 2445 360 2530 ἡδίσταις
377 2457 505 2532 φωναῖς
523 2445 675 2512 ἀνεκάλει
692 2444 748 2511 καὶ
761 2444 857 2533 μέχρι
870 2451 998 2513 πολλοῦ
1013 2449 1137 2512 κλαίων

122 2576 157 2618 τε
179 2549 236 2619 καὶ
257 2550 423 2639 περιέπων
441 2564 590 2638 κατεῖχεν
608 2550 829 2637 ἐκλελυμένην
847 2550 902 2618 καὶ
921 2550 1066 2636 δέουσαν
1085 2549 1138 2617 ἐπὶ

122 2661 182 2743 τὴν
205 2667 279 2742 γῆν.
325 2659 369 2736 ὡς
392 2655 429 2725 δὲ
451 2671 518 2724 τῶν
541 2658 722 2744 ἀσπασμῶν
740 2668 798 2744 τῆς
820 2661 942 2747 μητρὸς
964 2658 1037 2734 άλις
1060 2653 1137 2743 εἶχε,

120 2765 183 2849 την
219 2773 362 2845 γυναῖκα
397 2769 654 2850 προσελθοῦσαν
690 2764 930 2850 δεξιωσάμενος
966 2764 1033 2849 ἅμα
1068 2774 1138 2840 τοῖς

122 2867 251 2947 τέκνοις
280 2864 384 2936 εἶπεν·
419 2868 564 2955 Ἀγαθῆς
592 2874 749 2955 γυναικὸς
778 2874 878 2957 ἔργον
908 2870 1079 2955 ἐποίησας,
1110 2849 1176 2962 οὑξ,

125 2977 349 3061 Οὐολουμνία,
377 2980 517 3062 μείνασα
540 2979 628 3063 παρά
650 2987 690 3063 τη
714 2980 815 3063 μητρί
834 3002 899 3063 μου
921 2975 977 3043 καὶ
1000 2977 1062 3044 οὐκ
1085 2975 1101 3042 έ
1123 3017 1137 3025 -

122 3088 348 3149 καταλιποῦσα
370 3083 432 3167 τὴν
454 3081 593 3170 ἐρημίαν
611 3084 712 3168 αὐτῆς
734 3087 844 3169 ἔμοιγε
863 3093 978 3148 πασῶν
996 3082 1136 3167 ἡδίστην

195 3282 212 3331 8
230 3274 280 3330 καί
299 3275 363 3330 add.
382 3275 486 3330 Reiske
541 3283 556 3331 9
576 3275 613 3339 ὡς
631 3276 694 3331 add.
714 3277 737 3330 B
759 3292 842 3346 supra
860 3274 909 3329 lin.
967 3281 1000 3330 10
1019 3274 1134 3329 *ταὺτὸ

123 3347 146 3402 0
221 3353 255 3401 14
274 3347 361 3420 αὐτῷ]
381 3347 509 3401 αὑτδνΑ
575 3353 607 3402 16
626 3347 722 3401 άπδΑ
786 3354 820 3402 20
839 3345 1037 3419 περιλαβδνΑ
1102 3351 1136 3399 21

122 3417 272 3492 κλ<αι>ων
286 3418 309 3471 Β
360 3424 396 3473 24
408 3422 623 3489 προσελθοῦσαν
638 3418 736 3474 add.B
786 3424 819 3474 2⁷
835 3414 902 3489 έμοί
911 3437 941 3472 τε
955 3434 978 3473 ο.
993 3415 1138 3484 Kiessling
