2424 3848
518 185 686 239 -(·)-

96 353 268 435 γινόμενοι
294 346 350 414 καὶ
376 345 459 435 ὑπὲρ
487 358 548 414 τοῦ
575 357 692 414 κοινοῦ
718 343 887 432 καθαρμοὶ
913 348 986 412 τότε
1010 363 1110 433 προσ-

98 456 267 543 ωφέλουν,
295 452 442 540 διέκριυέ
466 477 500 518 τε
528 457 566 520 τὸ
591 454 700 531 πάθος
723 453 784 537 οὐχ
806 451 955 535 ἡλικίαν,
983 452 1025 518 ού
1047 454 1110 538 φύ-

98 561 233 647 σιν,οά
257 561 371 646 ῥύμην
395 560 415 643 ἢ
440 558 619 625 ἀσθένειαν
643 560 820 644 σωμάτων,
843 557 883 624 οὐ
906 555 1027 642 τέχνην
1051 560 1111 625 οὐκ

97 670 178 734 ἀλλο
197 691 229 733 τι
247 679 314 732 τῶν
334 666 526 733 δοκούντων
543 669 714 751 κουφίζειν
732 667 794 750 την
811 668 925 748 νόσον,
949 663 1036 730 ἀλλά
1054 690 1110 749 γν-

74 775 192 853 ιναιξί
216 772 243 839 τ’
272 771 421 840 ἐνίπιπτε
445 771 500 838 καὶ
523 772 664 859 ἀνδράσι
687 770 743 838 καλ
764 782 915 856 γηραιοῖς
937 769 993 836 καὶ
1016 773 1112 849 νέοις.

58 882 139 954 2ού
170 881 236 966 μὴν
265 883 373 946 πολὺν
403 876 537 965 κατέσχε
568 881 706 966 χρόνον,
736 879 816 965 ὅπερ
847 884 954 943 αῖτιον
982 876 1110 962 ἐγένετο

97 998 157 1054 τοῦ
180 988 224 1072 μὴ
249 988 425 1070 σύμπασαν
448 987 678 1072 διαφθαρῆναι
696 985 757 1069 τὴν
775 987 886 1050 πόλιν·
911 983 996 1048 ἀλλά
1014 1005 1111 1050 ποτα-

97 1103 163 1179 μοῦ
191 1095 289 1177 δίκην
311 1092 331 1175 ἢ
355 1095 460 1178 πυρὸς
483 1091 593 1175 ἀθρόα
615 1103 684 1169 τοῖς
707 1091 899 1174 ἀνθρώποις
922 1089 1111 1175 ἐμπεσοῦσα

97 1201 159 1283 τήν
185 1223 220 1264 τε
247 1199 439 1282 προσβολὴν
467 1197 578 1276 ὀξεῖαν
600 1196 655 1263 καὶ
677 1200 739 1282 τὴν
762 1197 957 1281 ἀπαλλαγὴν
979 1208 1112 1282 ταχεῖαν

59 1332 85 1372 10
98 1308 225 1390 ἐλαβεν.
272 1306 316 1383 ὡς
345 1302 383 1371 δὲ
412 1308 449 1371 τὸ
480 1307 595 1371 δεινὸν
625 1305 811 1390 ἐλώφησεν,
841 1301 891 1368 ἐπ’
923 1302 1027 1392 ἐξόδφ
1057 1313 1163 1387 τῆςιὸοί

99 1410 200 1496 ἀρχῆς
223 1411 270 1476 ὢν
294 1411 311 1477 ὁ
331 1414 492 1495 Πόπλιος,
515 1410 628 1495 ἐπειδὴ
647 1409 709 1476 ούκ
727 1409 867 1475 ἐδύνατο
886 1406 1037 1495 κυρῶσαι
1055 1412 1112 1475 τὸν

99 1520 205 1601 νόμον
234 1515 272 1583 ἐν
301 1526 346 1604 τρῖ
377 1518 526 1598 περιόντι
556 1520 666 1606 χρόνῳ
696 1527 762 1582 τῶν
793 1515 1015 1602 ἀρχαιρεσίων
1046 1515 1113 1581 ἐπι-

99 1623 260 1706 στάντων,
282 1619 394 1708 μετῄει
417 1623 518 1687 πάλιν
540 1625 602 1706 τὴν
626 1624 812 1709 δημαρχίαν
835 1624 883 1700 είς
899 1623 959 1688 τὸν
979 1621 1113 1688 ἐπιόντα

99 1727 270 1811 ἐνιαυτόν,
297 1729 404 1793 πολλά
431 1727 487 1793 καὶ
514 1729 640 1812 μεγάλα
662 1740 731 1806 τοῖς
754 1731 911 1813 δημόταις
933 1729 1113 1813 ὑπισχνού·

60 1858 85 1899 15
100 1853 212 1918 μενος·
244 1831 299 1898 καὶ
329 1832 563 1899 ἀποδείκνυται
593 1835 693 1902 πόλιν
724 1837 891 1921 δήμαρχος
917 1833 973 1901 ὑπ’
1005 1835 1113 1900 αὐτῶν

60 1949 80 2014 3
99 1938 154 2005 καὶ
178 1940 240 2006 δύο
260 1950 327 2005 τῶν
346 1943 590 2026 συναρχόντων.
628 1943 663 2007 οί
679 1938 717 2007 δέ
734 1945 899 2028 πατρίκιοι
919 1942 1004 2026 πρὸς
1022 1937 1108 2007 τοῦτ’

100 2045 411 2130 ἀντεμηχανήσαντο
448 2049 568 2133 πικρὸν
605 2049 712 2134 ἀνδρα
723 2046 803 2113 ‘nal
838 2049 1028 2132 μισόδημον
1060 2044 1113 2112 καὶ

100 2148 206 2235 μηδὲν
224 2151 451 2218 ἐλαττώσοντα
468 2161 526 2237 τῆς
544 2153 793 2239 ἀριστοκρατίας
809 2153 863 2219 ἐπὶ
879 2155 941 2237 τὴν
953 2152 1113 2218 ὑπατείαν

99 2269 315 2343 προαγαγεῖν,
326 2255 468 2324 ’Ἁππιον
481 2261 666 2343 Κλαύδιον,
684 2261 760 2325 υίὸν
776 2257 927 2343 Ἀππίου,
945 2270 1007 2326 τοῦ
1025 2264 1113 2325 πλεῖ-

60 2390 87 2430 εο
101 2381 162 2429 στα
188 2371 234 2450 τῷ
262 2365 355 2454 δημφ
382 2363 458 2447 περὶ
484 2366 545 2448 τὴν
571 2365 722 2432 κάθοδον
745 2364 1014 2444 ἐναντιωθέντος.
1060 2363 1113 2431 καὶ

99 2469 202 2534 αὐτὸν
226 2470 332 2535 πολλά
355 2469 554 2536 ἀντειπόντα
576 2468 632 2535 καλ
650 2469 723 2536 οὐδ’
741 2473 789 2549 εἰς
807 2473 844 2538 τὸ
862 2474 981 2538 πεδιόν
1000 2471 1113 2538 ἐλθεῖν

99 2571 310 2659 βουληθέντα
328 2574 424 2640 ἕνεκα
441 2586 509 2641 τῶν
527 2574 758 2661 ἀρχαιρεσίων,
777 2573 878 2642 οὐδὲν
896 2572 997 2661 ἧττον
1013 2579 1113 2665 προά

99 2680 288 2766 βούλευσάν
310 2704 344 2746 τε
368 2679 423 2746 καὶ
446 2680 641 2767 ἐψηφίσαντ’
669 2682 795 2749 ἀπόντα
817 2684 953 2749 ὕπατον.

166 2785 349 2852 ΧΧΧΧΙΠ.
383 2786 616 2852 Τελεσθέντων
639 2784 676 2852 δὲ
699 2799 766 2853 τῶν
788 2787 1011 2875 ἀρχαιρεσίων
1034 2789 1162 2854 namma

171 3019 243 3068 2=4
265 3013 352 3067 verba
375 3015 426 3068 οὐκ
447 3013 513 3069 ἀλλο
536 3034 563 3068 τι
580 3022 636 3068 τῶν
655 3015 814 3069 δοκούντων
833 3015 979 3083 κουφίζειν
997 3015 1051 3085 τὴν
1069 3015 1112 3071 νό-

100 3105 150 3142 σον
168 3087 235 3154 post
255 3084 456 3154 προσωφέλουν
475 3085 650 3154 transposuit
667 3085 783 3152 Reiske,
808 3103 892 3153 quem
910 3084 1057 3169 Kiessling
1074 3087 1113 3141 ita

100 3158 241 3226 sequitur,
263 3159 296 3209 ut
319 3155 383 3211 ούτε
407 3155 473 3211 ἀλλο
497 3157 603 3211 scribat
627 3172 678 3226 pro
695 3154 797 3226 τέχνην
817 3158 868 3210 aut
884 3156 973 3226 τύχην
993 3159 1112 3212 sonben-

100 3229 167 3284 dum
193 3228 243 3280 aut
266 3225 330 3281 ούτε
352 3225 435 3297 τέχνη
458 3227 546 3281 verba
568 3229 635 3297 post
656 3225 858 3296 προσωφέλουν
880 3227 1032 3283 inserenda
1055 3245 1112 3284 εεεο

98 3297 244 3367 Kiessling
262 3300 360 3353 censet
445 3305 460 3352 6
485 3299 518 3353 ού
537 3297 596 3367 μὴν
610 3299 699 3353 πολύν
717 3297 742 3350 Δ
761 3299 794 3352 ού
812 3299 901 3354 πολύν
920 3297 951 3353 δὲ
971 3298 994 3352 Β
1082 3303 1112 3353 18

100 3366 293 3424 ἐλαττώσοντα
312 3370 365 3423 AB
465 3375 498 3423 19
520 3375 710 3438 προσαγαγεῖν
727 3369 754 3423 Α
850 3374 885 3424 20
908 3367 941 3423 δν
959 3369 1010 3424 καλ
1029 3371 1112 3425 αὐτὸν

100 3438 204 3493 maluit
220 3438 326 3493 Reiske
399 3445 433 3494 22
451 3440 700 3512 *προεβούλενσαν
719 3438 742 3494 Ο
815 3445 849 3495 23
870 3435 1017 3509 ἐψήφισαν
1036 3439 1111 3496 ΑΒΟ
