<?xml version="1.0" encoding="UTF-8"?>
<!DOCTYPE html PUBLIC "-//W3C//DTD XHTML 1.0 Transitional//EN"
    "http://www.w3.org/TR/xhtml1/DTD/xhtml1-transitional.dtd">
<html xmlns="http://www.w3.org/1999/xhtml" xml:lang="en" lang="en">
 <head>
  <title>
</title>
<meta http-equiv="Content-Type" content="text/html;charset=utf-8" />
  <meta name='ocr-system' content='tesseract 3.04.00' />
  <meta name='ocr-capabilities' content='ocr_page ocr_carea ocr_par ocr_line ocrx_word'/>
</head>
<body>
  <div class='ocr_page' id='page_1' title='image "./dionysihalicarn04diongoog_0314.png"; bbox 0 0 2424 3848; ppageno 0'>
   <div class='ocr_carea' id='block_1_1' title="bbox 513 215 688 287">
    <p class='ocr_par' dir='ltr' id='par_1_1' title="bbox 513 215 688 287">
     <span class='ocr_line' id='line_1_1' title="bbox 513 215 688 287; baseline -0.006 -34"><span class='ocrx_word' id='word_1_1' title='bbox 513 215 688 287; x_wconf 24' lang='grc' dir='ltr'><strong><em>,ΘΕ</em></strong></span> 
     </span>
    </p>
   </div>
   <div class='ocr_carea' id='block_1_2' title="bbox 37 371 1208 3008">
    <p class='ocr_par' dir='ltr' id='par_1_2' title="bbox 47 371 1148 996">
     <span class='ocr_line' id='line_1_2' title="bbox 47 371 1101 463; baseline -0.001 -20"><span class='ocrx_word' id='word_1_2' title='bbox 47 418 51 424; x_wconf 92' lang='grc'><strong>-</strong></span> <span class='ocrx_word' id='word_1_3' title='bbox 88 373 177 443; x_wconf 84' lang='grc' dir='ltr'><strong><em>τοῦτ’</em></strong></span> <span class='ocrx_word' id='word_1_4' title='bbox 210 375 378 460; x_wconf 83' lang='grc' dir='ltr'><strong><em>ἐξαγαγὼν</em></strong></span> <span class='ocrx_word' id='word_1_5' title='bbox 407 378 467 460; x_wconf 85' lang='grc' dir='ltr'><strong><em>τήν</em></strong></span> <span class='ocrx_word' id='word_1_6' title='bbox 498 371 643 460; x_wconf 85' lang='grc' dir='ltr'><strong><em>δύναμιν</em></strong></span> <span class='ocrx_word' id='word_1_7' title='bbox 671 379 861 462; x_wconf 76' lang='grc' dir='ltr'><strong><em>παρήλασεν</em></strong></span> <span class='ocrx_word' id='word_1_8' title='bbox 892 375 945 442; x_wconf 77' lang='grc' dir='ltr'><strong><em>ἐπὶ</em></strong></span> <span class='ocrx_word' id='word_1_9' title='bbox 975 378 1101 463; x_wconf 75' lang='grc' dir='ltr'><strong><em>θάτερα</em></strong></span> 
     </span>
     <span class='ocr_line' id='line_1_3' title="bbox 90 475 1148 569; baseline 0.002 -22"><span class='ocrx_word' id='word_1_10' title='bbox 90 475 157 565; x_wconf 82' lang='grc' dir='ltr'><strong><em>[τά]</em></strong></span> <span class='ocrx_word' id='word_1_11' title='bbox 186 481 268 568; x_wconf 84' lang='grc' dir='ltr'><strong><em>μέρη</em></strong></span> <span class='ocrx_word' id='word_1_12' title='bbox 294 493 352 566; x_wconf 80' lang='grc' dir='ltr'><strong><em>τῆς</em></strong></span> <span class='ocrx_word' id='word_1_13' title='bbox 374 479 586 547; x_wconf 75' lang='grc' dir='ltr'><strong><em>Οὐιεντανῶν</em></strong></span> <span class='ocrx_word' id='word_1_14' title='bbox 614 484 723 568; x_wconf 85' lang='grc' dir='ltr'><strong><em>χώρας</em></strong></span> <span class='ocrx_word' id='word_1_15' title='bbox 747 484 786 548; x_wconf 86' lang='grc' dir='ltr'><strong><em>τά</em></strong></span> <span class='ocrx_word' id='word_1_16' title='bbox 809 487 891 567; x_wconf 91' lang='grc' dir='ltr'><strong><em>πρὸς</em></strong></span> <span class='ocrx_word' id='word_1_17' title='bbox 911 485 973 567; x_wconf 84' lang='grc' dir='ltr'><strong><em>τήν</em></strong></span> <span class='ocrx_word' id='word_1_18' title='bbox 996 485 1101 567; x_wconf 82' lang='grc' dir='ltr'><strong><em>ἀλλην</em></strong></span> <span class='ocrx_word' id='word_1_19' title='bbox 1145 563 1148 569; x_wconf 23' lang='lat'><strong>⁴</strong></span> 
     </span>
     <span class='ocr_line' id='line_1_4' title="bbox 89 583 1100 674; baseline 0 -20"><span class='ocrx_word' id='word_1_20' title='bbox 89 585 296 672; x_wconf 81' lang='grc' dir='ltr'><strong><em>ἐστραμμένα</em></strong></span> <span class='ocrx_word' id='word_1_21' title='bbox 324 591 529 674; x_wconf 80' lang='grc' dir='ltr'><strong><em>Τυρρηνίαν,</em></strong></span> <span class='ocrx_word' id='word_1_22' title='bbox 559 591 643 652; x_wconf 74' lang='grc' dir='ltr'><strong><em>ἔνθα</em></strong></span> <span class='ocrx_word' id='word_1_23' title='bbox 665 583 708 670; x_wconf 83' lang='grc' dir='ltr'><strong><em>ήν</em></strong></span> <span class='ocrx_word' id='word_1_24' title='bbox 731 600 800 664; x_wconf 90' lang='grc' dir='ltr'><strong><em>τοῖς</em></strong></span> <span class='ocrx_word' id='word_1_25' title='bbox 824 589 1039 666; x_wconf 76' lang='grc' dir='ltr'><strong><em>Οὐιεντανοῖς</em></strong></span> <span class='ocrx_word' id='word_1_26' title='bbox 1061 591 1100 653; x_wconf 85' lang='grc' dir='ltr'><strong><em>τά</em></strong></span> 
     </span>
     <span class='ocr_line' id='line_1_5' title="bbox 88 690 1101 779; baseline 0.002 -21"><span class='ocrx_word' id='word_1_27' title='bbox 88 695 291 779; x_wconf 79' lang='grc' dir='ltr'><strong><em>βοσκήματα,</em></strong></span> <span class='ocrx_word' id='word_1_28' title='bbox 306 692 464 759; x_wconf 89' lang='grc' dir='ltr'><strong><em>οὐδέποτε</em></strong></span> <span class='ocrx_word' id='word_1_29' title='bbox 480 696 621 776; x_wconf 90' lang='grc' dir='ltr'><strong><em>στρατὸν</em></strong></span> <span class='ocrx_word' id='word_1_30' title='bbox 634 693 726 776; x_wconf 77' lang='grc' dir='ltr'><strong><em>ἥξειν</em></strong></span> <span class='ocrx_word' id='word_1_31' title='bbox 737 690 905 777; x_wconf 88' lang='grc' dir='ltr'><strong><em>Ῥωμαίων</em></strong></span> <span class='ocrx_word' id='word_1_32' title='bbox 920 694 989 760; x_wconf 79' lang='grc' dir='ltr'><strong><em>ἐκεῖ</em></strong></span> <span class='ocrx_word' id='word_1_33' title='bbox 1000 713 1101 777; x_wconf 89' lang='grc' dir='ltr'><strong><em>προσ-</em></strong></span> 
     </span>
     <span class='ocr_line' id='line_1_6' title="bbox 89 795 1142 885; baseline -0.003 -20"><span class='ocrx_word' id='word_1_34' title='bbox 89 798 288 885; x_wconf 77' lang='grc' dir='ltr'><strong><em>δεχομένοις.</em></strong></span> <span class='ocrx_word' id='word_1_35' title='bbox 340 802 599 883; x_wconf 77' lang='grc' dir='ltr'><strong><em>περιβαλόμενος</em></strong></span> <span class='ocrx_word' id='word_1_36' title='bbox 629 795 677 863; x_wconf 69' lang='grc' dir='ltr'><strong><em>δέ</em></strong></span> <span class='ocrx_word' id='word_1_37' title='bbox 695 800 823 883; x_wconf 87' lang='grc' dir='ltr'><strong><em>πολλήν</em></strong></span> <span class='ocrx_word' id='word_1_38' title='bbox 853 804 946 865; x_wconf 83' lang='grc' dir='ltr'><strong><em>λείαν</em></strong></span> <span class='ocrx_word' id='word_1_39' title='bbox 975 800 1101 885; x_wconf 83' lang='grc' dir='ltr'><strong><em>ἀπῆγεν</em></strong></span> <span class='ocrx_word' id='word_1_40' title='bbox 1128 822 1142 862; x_wconf 80' lang='grc' dir='ltr'><strong><em>τ</em></strong></span> 
     </span>
     <span class='ocr_line' id='line_1_7' title="bbox 89 904 1096 996; baseline 0.001 -25"><span class='ocrx_word' id='word_1_41' title='bbox 89 905 144 971; x_wconf 78' lang='grc' dir='ltr'><strong><em>ἐπὶ</em></strong></span> <span class='ocrx_word' id='word_1_42' title='bbox 166 908 203 971; x_wconf 91' lang='grc' dir='ltr'><strong><em>τὸ</em></strong></span> <span class='ocrx_word' id='word_1_43' title='bbox 227 909 418 971; x_wconf 82' lang='grc' dir='ltr'><strong><em>νεόκτιστον</em></strong></span> <span class='ocrx_word' id='word_1_44' title='bbox 441 907 617 991; x_wconf 85' lang='grc' dir='ltr'><strong><em>φρούριον,</em></strong></span> <span class='ocrx_word' id='word_1_45' title='bbox 640 909 766 991; x_wconf 90' lang='grc' dir='ltr'><strong><em>χαίρων</em></strong></span> <span class='ocrx_word' id='word_1_46' title='bbox 789 904 842 971; x_wconf 80' lang='grc' dir='ltr'><strong><em>έπί</em></strong></span> <span class='ocrx_word' id='word_1_47' title='bbox 865 915 904 992; x_wconf 76' lang='grc' dir='ltr'><strong><em>τῇ</em></strong></span> <span class='ocrx_word' id='word_1_48' title='bbox 923 908 1008 996; x_wconf 80' lang='grc' dir='ltr'><strong><em>άγρρι</em></strong></span> <span class='ocrx_word' id='word_1_49' title='bbox 1026 905 1096 972; x_wconf 86' lang='grc' dir='ltr'><strong><em>κατ’</em></strong></span> 
     </span>
    </p>

    <p class='ocr_par' dir='ltr' id='par_1_3' title="bbox 38 1006 1208 2901">
     <span class='ocr_line' id='line_1_8' title="bbox 38 1006 1208 1106; baseline -0.002 -25"><span class='ocrx_word' id='word_1_50' title='bbox 38 1011 276 1096; x_wconf 73' lang='grc' dir='ltr'><strong><em>ιεεάμφότερα,</em></strong></span> <span class='ocrx_word' id='word_1_51' title='bbox 298 1022 356 1095; x_wconf 86' lang='grc' dir='ltr'><strong><em>τής</em></strong></span> <span class='ocrx_word' id='word_1_52' title='bbox 378 1006 406 1076; x_wconf 87' lang='grc' dir='ltr'><strong><em>τ’</em></strong></span> <span class='ocrx_word' id='word_1_53' title='bbox 428 1012 469 1077; x_wconf 93' lang='grc' dir='ltr'><strong><em>οὐ</em></strong></span> <span class='ocrx_word' id='word_1_54' title='bbox 493 1013 548 1076; x_wconf 84' lang='grc' dir='ltr'><strong><em>διά</em></strong></span> <span class='ocrx_word' id='word_1_55' title='bbox 571 1021 700 1096; x_wconf 83' lang='grc' dir='ltr'><strong><em>μακροῦ</em></strong></span> <span class='ocrx_word' id='word_1_56' title='bbox 723 1023 789 1077; x_wconf 90' lang='grc' dir='ltr'><strong><em>τῶν</em></strong></span> <span class='ocrx_word' id='word_1_57' title='bbox 812 1016 980 1097; x_wconf 90' lang='grc' dir='ltr'><strong><em>πολεμίων</em></strong></span> <span class='ocrx_word' id='word_1_58' title='bbox 1002 1038 1101 1097; x_wconf 93' lang='grc' dir='ltr'><strong><em>τιμω-</em></strong></span> <span class='ocrx_word' id='word_1_59' title='bbox 1206 1101 1208 1106; x_wconf 15' lang='lat' dir='ltr'><em>A</em></span> 
     </span>
     <span class='ocr_line' id='line_1_9' title="bbox 88 1101 1201 1204; baseline -0.001 -21"><span class='ocrx_word' id='word_1_60' title='bbox 88 1122 162 1201; x_wconf 89' lang='grc' dir='ltr'><strong><em>ρ’ίας</em></strong></span> <span class='ocrx_word' id='word_1_61' title='bbox 185 1117 292 1201; x_wconf 79' lang='grc' dir='ltr'><strong><em>ἕνεκα,</em></strong></span> <span class='ocrx_word' id='word_1_62' title='bbox 314 1116 368 1183; x_wconf 85' lang='grc' dir='ltr'><strong><em>καί</em></strong></span> <span class='ocrx_word' id='word_1_63' title='bbox 393 1119 443 1183; x_wconf 85' lang='grc' dir='ltr'><strong><em>ὅτι</em></strong></span> <span class='ocrx_word' id='word_1_64' title='bbox 466 1129 535 1195; x_wconf 87' lang='grc' dir='ltr'><strong><em>τοῖς</em></strong></span> <span class='ocrx_word' id='word_1_65' title='bbox 558 1130 719 1203; x_wconf 78' lang='grc' dir='ltr'><strong><em>φρουροῖς</em></strong></span> <span class='ocrx_word' id='word_1_66' title='bbox 741 1129 802 1184; x_wconf 89' lang='grc' dir='ltr'><strong><em>τοῦ</em></strong></span> <span class='ocrx_word' id='word_1_67' title='bbox 824 1123 950 1204; x_wconf 90' lang='grc' dir='ltr'><strong><em>χωρίου</em></strong></span> <span class='ocrx_word' id='word_1_68' title='bbox 972 1121 1101 1203; x_wconf 90' lang='grc' dir='ltr'><strong><em>πολλήν</em></strong></span> <span class='ocrx_word' id='word_1_69' title='bbox 1190 1101 1201 1118; x_wconf 65' lang='grc'><strong>’</strong></span> 
     </span>
     <span class='ocr_line' id='line_1_10' title="bbox 88 1221 1101 1310; baseline 0 -21"><span class='ocrx_word' id='word_1_70' title='bbox 88 1226 204 1308; x_wconf 81' lang='grc' dir='ltr'><strong><em>ἔμελλε</em></strong></span> <span class='ocrx_word' id='word_1_71' title='bbox 226 1223 380 1308; x_wconf 80' lang='grc' dir='ltr'><strong><em>παρέξειν</em></strong></span> <span class='ocrx_word' id='word_1_72' title='bbox 403 1224 571 1308; x_wconf 90' lang='grc' dir='ltr'><strong><em>εὐπορίαν.</em></strong></span> <span class='ocrx_word' id='word_1_73' title='bbox 582 1289 587 1310; x_wconf 91' lang='lat'><strong><em>-.</em></strong></span> <span class='ocrx_word' id='word_1_74' title='bbox 609 1221 709 1290; x_wconf 72' lang='grc' dir='ltr'><strong><em>οὐδὲν</em></strong></span> <span class='ocrx_word' id='word_1_75' title='bbox 732 1225 796 1309; x_wconf 88' lang='grc' dir='ltr'><strong><em>γάρ</em></strong></span> <span class='ocrx_word' id='word_1_76' title='bbox 820 1222 890 1305; x_wconf 82' lang='grc' dir='ltr'><strong><em>οὐτ’</em></strong></span> <span class='ocrx_word' id='word_1_77' title='bbox 912 1228 960 1303; x_wconf 89' lang='grc' dir='ltr'><strong><em>εἰς</em></strong></span> <span class='ocrx_word' id='word_1_78' title='bbox 982 1228 1019 1291; x_wconf 87' lang='grc' dir='ltr'><strong><em>τὸ</em></strong></span> <span class='ocrx_word' id='word_1_79' title='bbox 1043 1227 1101 1308; x_wconf 83' lang='grc' dir='ltr'><strong><em>δή·</em></strong></span> 
     </span>
     <span class='ocr_line' id='line_1_11' title="bbox 89 1315 1178 1415; baseline -0.005 -20"><span class='ocrx_word' id='word_1_80' title='bbox 89 1334 209 1415; x_wconf 90' lang='grc' dir='ltr'><strong><em>μόσιον</em></strong></span> <span class='ocrx_word' id='word_1_81' title='bbox 233 1330 424 1413; x_wconf 82' lang='grc' dir='ltr'><strong><em>ἀνήνεγκεν,</em></strong></span> <span class='ocrx_word' id='word_1_82' title='bbox 448 1330 523 1395; x_wconf 89' lang='grc' dir='ltr'><strong><em>οὐτε</em></strong></span> <span class='ocrx_word' id='word_1_83' title='bbox 546 1342 615 1407; x_wconf 89' lang='grc' dir='ltr'><strong><em>τοῖς</em></strong></span> <span class='ocrx_word' id='word_1_84' title='bbox 638 1329 908 1414; x_wconf 79' lang='grc' dir='ltr'><strong><em>στρατευομένοις</em></strong></span> <span class='ocrx_word' id='word_1_85' title='bbox 928 1332 1100 1414; x_wconf 78' lang='grc' dir='ltr'><strong><em>[ἰδιώταις]</em></strong></span> <span class='ocrx_word' id='word_1_86' title='bbox 1116 1351 1142 1391; x_wconf 81' lang='grc' dir='ltr'><strong><em>ιο</em></strong></span> <span class='ocrx_word' id='word_1_87' title='bbox 1175 1315 1178 1322; x_wconf 56' lang='grc'><strong>’</strong></span> 
     </span>
     <span class='ocr_line' id='line_1_12' title="bbox 89 1434 1100 1522; baseline 0 -20"><span class='ocrx_word' id='word_1_88' title='bbox 89 1435 280 1520; x_wconf 86' lang='grc' dir='ltr'><strong><em>ἀπένειμεν,</em></strong></span> <span class='ocrx_word' id='word_1_89' title='bbox 307 1435 390 1500; x_wconf 85' lang='grc' dir='ltr'><strong><em>ἀλλά</em></strong></span> <span class='ocrx_word' id='word_1_90' title='bbox 417 1434 472 1500; x_wconf 83' lang='grc' dir='ltr'><strong><em>καὶ</em></strong></span> <span class='ocrx_word' id='word_1_91' title='bbox 495 1439 643 1521; x_wconf 87' lang='grc' dir='ltr'><strong><em>πρόβατα</em></strong></span> <span class='ocrx_word' id='word_1_92' title='bbox 665 1440 720 1501; x_wconf 78' lang='grc' dir='ltr'><strong><em>καί</em></strong></span> <span class='ocrx_word' id='word_1_93' title='bbox 743 1437 904 1520; x_wconf 81' lang='grc' dir='ltr'><strong><em>ὑποζύγια</em></strong></span> <span class='ocrx_word' id='word_1_94' title='bbox 926 1434 982 1502; x_wconf 84' lang='grc' dir='ltr'><strong><em>καί</em></strong></span> <span class='ocrx_word' id='word_1_95' title='bbox 1005 1439 1100 1522; x_wconf 80' lang='grc' dir='ltr'><strong><em>ζεύγη</em></strong></span> 
     </span>
     <span class='ocr_line' id='line_1_13' title="bbox 89 1536 1207 1634; baseline -0.002 -26"><span class='ocrx_word' id='word_1_96' title='bbox 89 1544 204 1628; x_wconf 82' lang='grc' dir='ltr'><strong><em>βοεικὰ</em></strong></span> <span class='ocrx_word' id='word_1_97' title='bbox 229 1541 284 1607; x_wconf 78' lang='grc' dir='ltr'><strong><em>καὶ</em></strong></span> <span class='ocrx_word' id='word_1_98' title='bbox 307 1544 446 1627; x_wconf 83' lang='grc' dir='ltr'><strong><em>σίδηρον</em></strong></span> <span class='ocrx_word' id='word_1_99' title='bbox 469 1540 523 1606; x_wconf 80' lang='grc' dir='ltr'><strong><em>καὶ</em></strong></span> <span class='ocrx_word' id='word_1_100' title='bbox 546 1536 663 1625; x_wconf 86' lang='grc' dir='ltr'><strong><em>τᾶλλα,</em></strong></span> <span class='ocrx_word' id='word_1_101' title='bbox 692 1541 753 1607; x_wconf 86' lang='grc' dir='ltr'><strong><em>ὅσα</em></strong></span> <span class='ocrx_word' id='word_1_102' title='bbox 777 1544 823 1619; x_wconf 89' lang='grc' dir='ltr'><strong><em>εἰς</em></strong></span> <span class='ocrx_word' id='word_1_103' title='bbox 846 1545 1009 1628; x_wconf 78' lang='grc' dir='ltr'><strong><em>γεωργίαν</em></strong></span> <span class='ocrx_word' id='word_1_104' title='bbox 1033 1542 1102 1609; x_wconf 81' lang='grc' dir='ltr'><strong><em>έπι-</em></strong></span> <span class='ocrx_word' id='word_1_105' title='bbox 1201 1624 1207 1634; x_wconf 32' lang='lat'>⁸</span> 
     </span>
     <span class='ocr_line' id='line_1_14' title="bbox 89 1645 1135 1735; baseline 0.003 -20"><span class='ocrx_word' id='word_1_106' title='bbox 89 1652 203 1733; x_wconf 92' lang='grc' dir='ltr'><strong><em>τήδεια</em></strong></span> <span class='ocrx_word' id='word_1_107' title='bbox 221 1645 274 1733; x_wconf 82' lang='grc' dir='ltr'><strong><em>ήν,</em></strong></span> <span class='ocrx_word' id='word_1_108' title='bbox 293 1651 569 1732; x_wconf 84' lang='grc' dir='ltr'><strong><em>τοῖςπεριπόλοις</em></strong></span> <span class='ocrx_word' id='word_1_109' title='bbox 585 1658 642 1733; x_wconf 85' lang='grc' dir='ltr'><strong><em>τής</em></strong></span> <span class='ocrx_word' id='word_1_110' title='bbox 661 1649 767 1734; x_wconf 84' lang='grc' dir='ltr'><strong><em>χώρας</em></strong></span> <span class='ocrx_word' id='word_1_111' title='bbox 786 1648 967 1735; x_wconf 90' lang='grc' dir='ltr'><strong><em>έχαρίσατο.</em></strong></span> <span class='ocrx_word' id='word_1_112' title='bbox 998 1653 1135 1718; x_wconf 84' lang='grc' dir='ltr'><strong><em>ταῦτα6</em></strong></span> 
     </span>
     <span class='ocr_line' id='line_1_15' title="bbox 90 1751 1102 1840; baseline 0.003 -20"><span class='ocrx_word' id='word_1_113' title='bbox 90 1754 352 1840; x_wconf 80' lang='grc' dir='ltr'><strong><em>διαπραξάμενος</em></strong></span> <span class='ocrx_word' id='word_1_114' title='bbox 379 1753 504 1838; x_wconf 79' lang='grc' dir='ltr'><strong><em>ἀπῆγεν</em></strong></span> <span class='ocrx_word' id='word_1_115' title='bbox 532 1751 583 1819; x_wconf 79' lang='grc' dir='ltr'><strong><em>ἐπ’</em></strong></span> <span class='ocrx_word' id='word_1_116' title='bbox 612 1761 706 1820; x_wconf 87' lang='grc' dir='ltr'><strong><em>οίκου</em></strong></span> <span class='ocrx_word' id='word_1_117' title='bbox 734 1756 804 1838; x_wconf 89' lang='grc' dir='ltr'><strong><em>τήν</em></strong></span> <span class='ocrx_word' id='word_1_118' title='bbox 823 1751 1000 1840; x_wconf 92' lang='grc' dir='ltr'><strong><em>στρατιάν.Ι</em></strong></span> <span class='ocrx_word' id='word_1_119' title='bbox 1033 1769 1102 1834; x_wconf 89' lang='grc' dir='ltr'><strong><em>τοῖς</em></strong></span> 
     </span>
     <span class='ocr_line' id='line_1_16' title="bbox 90 1858 1141 1949; baseline 0.003 -23"><span class='ocrx_word' id='word_1_120' title='bbox 90 1858 128 1927; x_wconf 75' lang='grc' dir='ltr'><strong><em>δὲ</em></strong></span> <span class='ocrx_word' id='word_1_121' title='bbox 144 1861 358 1937; x_wconf 78' lang='grc' dir='ltr'><strong><em>Οὐιεντανοῖς</em></strong></span> <span class='ocrx_word' id='word_1_122' title='bbox 376 1862 455 1945; x_wconf 83' lang='grc' dir='ltr'><strong><em>μετὰ</em></strong></span> <span class='ocrx_word' id='word_1_123' title='bbox 473 1862 533 1926; x_wconf 89' lang='grc' dir='ltr'><strong><em>τὸν</em></strong></span> <span class='ocrx_word' id='word_1_124' title='bbox 547 1860 769 1947; x_wconf 83' lang='grc' dir='ltr'><strong><em>ἐπιτειχισμὸν</em></strong></span> <span class='ocrx_word' id='word_1_125' title='bbox 783 1873 843 1928; x_wconf 86' lang='grc' dir='ltr'><strong><em>τοῦ</em></strong></span> <span class='ocrx_word' id='word_1_126' title='bbox 857 1866 981 1949; x_wconf 90' lang='grc' dir='ltr'><strong><em>χωρίου</em></strong></span> <span class='ocrx_word' id='word_1_127' title='bbox 995 1875 1102 1941; x_wconf 89' lang='grc' dir='ltr'><strong><em>κακῶς</em></strong></span> <span class='ocrx_word' id='word_1_128' title='bbox 1116 1883 1141 1922; x_wconf 88' lang='lat'><strong><em>1⁵</em></strong></span> 
     </span>
     <span class='ocr_line' id='line_1_17' title="bbox 76 1962 1102 2053; baseline 0 -19"><span class='ocrx_word' id='word_1_129' title='bbox 76 1968 177 2034; x_wconf 86' lang='grc' dir='ltr'><strong><em>’πάνυ</em></strong></span> <span class='ocrx_word' id='word_1_130' title='bbox 200 1968 240 2032; x_wconf 86' lang='grc' dir='ltr'><strong><em>τὰ</em></strong></span> <span class='ocrx_word' id='word_1_131' title='bbox 262 1962 423 2052; x_wconf 82' lang='grc' dir='ltr'><strong><em>πράγματ’</em></strong></span> <span class='ocrx_word' id='word_1_132' title='bbox 445 1963 544 2053; x_wconf 85' lang='grc' dir='ltr'><strong><em>εἶχεν,</em></strong></span> <span class='ocrx_word' id='word_1_133' title='bbox 567 1969 643 2034; x_wconf 87' lang='grc' dir='ltr'><strong><em>οὐτε</em></strong></span> <span class='ocrx_word' id='word_1_134' title='bbox 666 1970 727 2052; x_wconf 88' lang='grc' dir='ltr'><strong><em>τήν</em></strong></span> <span class='ocrx_word' id='word_1_135' title='bbox 749 1978 813 2052; x_wconf 77' lang='grc' dir='ltr'><strong><em>γῆν</em></strong></span> <span class='ocrx_word' id='word_1_136' title='bbox 837 1971 884 2033; x_wconf 82' lang='grc' dir='ltr'><strong><em>ἔτι</em></strong></span> <span class='ocrx_word' id='word_1_137' title='bbox 904 1968 1102 2053; x_wconf 87' lang='grc' dir='ltr'><strong><em>δυναμένοις</em></strong></span> 
     </span>
     <span class='ocr_line' id='line_1_18' title="bbox 89 2073 1103 2159; baseline 0 -20"><span class='ocrx_word' id='word_1_138' title='bbox 89 2074 250 2158; x_wconf 80' lang='grc' dir='ltr'><strong><em>ἀσφαλῶς</em></strong></span> <span class='ocrx_word' id='word_1_139' title='bbox 263 2087 422 2159; x_wconf 84' lang='grc' dir='ltr'><strong><em>γεωργεῖν</em></strong></span> <span class='ocrx_word' id='word_1_140' title='bbox 442 2075 517 2139; x_wconf 86' lang='grc' dir='ltr'><strong><em>οὐτε</em></strong></span> <span class='ocrx_word' id='word_1_141' title='bbox 536 2075 593 2152; x_wconf 84' lang='grc' dir='ltr'><strong><em>τάς</em></strong></span> <span class='ocrx_word' id='word_1_142' title='bbox 612 2073 737 2153; x_wconf 71' lang='grc' dir='ltr'><strong><em>ἔξωθεν</em></strong></span> <span class='ocrx_word' id='word_1_143' title='bbox 751 2073 965 2158; x_wconf 90' lang='grc' dir='ltr'><strong><em>εἰσαγομένας</em></strong></span> <span class='ocrx_word' id='word_1_144' title='bbox 979 2074 1103 2158; x_wconf 82' lang='grc' dir='ltr'><strong><em>ἀγοράς</em></strong></span> 
     </span>
     <span class='ocr_line' id='line_1_19' title="bbox 90 2170 1134 2266; baseline 0.001 -22"><span class='ocrx_word' id='word_1_145' title='bbox 90 2178 254 2264; x_wconf 74' lang='grc' dir='ltr'><strong><em>δέχεσθαι.</em></strong></span> <span class='ocrx_word' id='word_1_146' title='bbox 299 2170 469 2264; x_wconf 87' lang='grc' dir='ltr'><strong><em>νείμαντες</em></strong></span> <span class='ocrx_word' id='word_1_147' title='bbox 497 2182 559 2264; x_wconf 86' lang='grc' dir='ltr'><strong><em>γάρ</em></strong></span> <span class='ocrx_word' id='word_1_148' title='bbox 587 2182 635 2257; x_wconf 90' lang='grc' dir='ltr'><strong><em>εἰς</em></strong></span> <span class='ocrx_word' id='word_1_149' title='bbox 657 2178 791 2265; x_wconf 91' lang='grc' dir='ltr'><strong><em>τέτταρα</em></strong></span> <span class='ocrx_word' id='word_1_150' title='bbox 815 2179 896 2266; x_wconf 86' lang='grc' dir='ltr'><strong><em>μέρή</em></strong></span> <span class='ocrx_word' id='word_1_151' title='bbox 920 2182 981 2264; x_wconf 81' lang='grc' dir='ltr'><strong><em>τήν</em></strong></span> <span class='ocrx_word' id='word_1_152' title='bbox 1004 2182 1134 2265; x_wconf 59' lang='lat' dir='ltr'><strong><em>‹noa-7</em></strong></span> 
     </span>
     <span class='ocr_line' id='line_1_20' title="bbox 90 2283 1125 2373; baseline 0.001 -23"><span class='ocrx_word' id='word_1_153' title='bbox 90 2287 164 2350; x_wconf 85' lang='grc' dir='ltr'><strong><em>τιάν</em></strong></span> <span class='ocrx_word' id='word_1_154' title='bbox 192 2287 227 2350; x_wconf 85' lang='grc' dir='ltr'><strong><em>οἰ</em></strong></span> <span class='ocrx_word' id='word_1_155' title='bbox 251 2286 389 2371; x_wconf 87' lang='grc' dir='ltr'><strong><em>Φάβιοι,</em></strong></span> <span class='ocrx_word' id='word_1_156' title='bbox 417 2295 463 2373; x_wconf 79' lang='grc' dir='ltr'><strong><em>τῶ</em></strong></span> <span class='ocrx_word' id='word_1_157' title='bbox 490 2283 551 2370; x_wconf 75' lang='grc' dir='ltr'><strong><em>μὲν</em></strong></span> <span class='ocrx_word' id='word_1_158' title='bbox 579 2284 629 2351; x_wconf 81' lang='grc' dir='ltr'><strong><em>ἑνὶ</em></strong></span> <span class='ocrx_word' id='word_1_159' title='bbox 658 2286 875 2370; x_wconf 84' lang='grc' dir='ltr'><strong><em>διεφύλαττον</em></strong></span> <span class='ocrx_word' id='word_1_160' title='bbox 902 2288 940 2350; x_wconf 89' lang='grc' dir='ltr'><strong><em>τὸ</em></strong></span> <span class='ocrx_word' id='word_1_161' title='bbox 967 2289 1125 2371; x_wconf 49' lang='grc' dir='ltr'><strong><em>χωρίον,,</em></strong></span> 
     </span>
     <span class='ocr_line' id='line_1_21' title="bbox 88 2387 1199 2476; baseline 0.001 -19"><span class='ocrx_word' id='word_1_162' title='bbox 88 2403 159 2468; x_wconf 86' lang='grc' dir='ltr'><strong><em>τοῖς</em></strong></span> <span class='ocrx_word' id='word_1_163' title='bbox 182 2388 219 2475; x_wconf 69' lang='grc' dir='ltr'><strong><em>δέ</em></strong></span> <span class='ocrx_word' id='word_1_164' title='bbox 241 2388 336 2476; x_wconf 73' lang='grc' dir='ltr'><strong><em>τρισί</em></strong></span> <span class='ocrx_word' id='word_1_165' title='bbox 352 2393 413 2475; x_wconf 90' lang='grc' dir='ltr'><strong><em>τήν</em></strong></span> <span class='ocrx_word' id='word_1_166' title='bbox 436 2392 548 2476; x_wconf 83' lang='grc' dir='ltr'><strong><em>χώραν</em></strong></span> <span class='ocrx_word' id='word_1_167' title='bbox 571 2402 637 2456; x_wconf 92' lang='grc' dir='ltr'><strong><em>τῶν</em></strong></span> <span class='ocrx_word' id='word_1_168' title='bbox 655 2393 822 2473; x_wconf 91' lang='grc' dir='ltr'><strong><em>πολεμίων</em></strong></span> <span class='ocrx_word' id='word_1_169' title='bbox 841 2387 977 2471; x_wconf 89' lang='grc' dir='ltr'><strong><em>άγοντές</em></strong></span> <span class='ocrx_word' id='word_1_170' title='bbox 994 2413 1027 2454; x_wconf 94' lang='grc' dir='ltr'><strong><em>τε</em></strong></span> <span class='ocrx_word' id='word_1_171' title='bbox 1047 2389 1142 2455; x_wconf 77' lang='grc' dir='ltr'><strong><em>καὶαι</em></strong></span> <span class='ocrx_word' id='word_1_172' title='bbox 1196 2451 1199 2458; x_wconf 91' lang='grc'><strong><em>,</em></strong></span> 
     </span>
     <span class='ocr_line' id='line_1_22' title="bbox 90 2494 1180 2582; baseline -0.001 -21"><span class='ocrx_word' id='word_1_173' title='bbox 90 2495 249 2582; x_wconf 90' lang='grc' dir='ltr'><strong><em>φέροντες</em></strong></span> <span class='ocrx_word' id='word_1_174' title='bbox 271 2495 323 2561; x_wconf 78' lang='grc' dir='ltr'><strong><em>ἀεὶ</em></strong></span> <span class='ocrx_word' id='word_1_175' title='bbox 347 2495 530 2562; x_wconf 86' lang='grc' dir='ltr'><strong><em>διετέλουν·</em></strong></span> <span class='ocrx_word' id='word_1_176' title='bbox 555 2496 610 2562; x_wconf 84' lang='grc' dir='ltr'><strong><em>καί</em></strong></span> <span class='ocrx_word' id='word_1_177' title='bbox 628 2495 785 2572; x_wconf 89' lang='grc' dir='ltr'><strong><em>πολλάκις</em></strong></span> <span class='ocrx_word' id='word_1_178' title='bbox 802 2506 870 2560; x_wconf 92' lang='grc' dir='ltr'><strong><em>τῶν</em></strong></span> <span class='ocrx_word' id='word_1_179' title='bbox 890 2494 1102 2561; x_wconf 80' lang='grc' dir='ltr'><strong><em>Οὐιεντανῶν</em></strong></span> <span class='ocrx_word' id='word_1_180' title='bbox 1177 2494 1180 2500; x_wconf 62' lang='grc'><strong><em>’</em></strong></span> 
     </span>
     <span class='ocr_line' id='line_1_23' title="bbox 90 2598 1101 2729; baseline -0.003 -61"><span class='ocrx_word' id='word_1_181' title='bbox 90 2602 127 2668; x_wconf 82' lang='grc' dir='ltr'><strong><em>ἐκ</em></strong></span> <span class='ocrx_word' id='word_1_182' title='bbox 149 2612 209 2668; x_wconf 86' lang='grc' dir='ltr'><strong><em>τοῦ</em></strong></span> <span class='ocrx_word' id='word_1_183' title='bbox 232 2603 382 2687; x_wconf 85' lang='grc' dir='ltr'><strong><em>φανεροῦ</em></strong></span> <span class='ocrx_word' id='word_1_184' title='bbox 404 2598 432 2668; x_wconf 94' lang='grc' dir='ltr'><strong><em>τ’</em></strong></span> <span class='ocrx_word' id='word_1_185' title='bbox 456 2603 569 2680; x_wconf 88' lang='grc' dir='ltr'><strong><em>αὐτοῖς</em></strong></span> <span class='ocrx_word' id='word_1_186' title='bbox 592 2598 910 2729; x_wconf 77' lang='grc' dir='ltr'><strong><em>ἐπιθεμένωνχειρὶ</em></strong></span> <span class='ocrx_word' id='word_1_187' title='bbox 926 2601 987 2666; x_wconf 90' lang='grc' dir='ltr'><strong><em>οὐκ</em></strong></span> <span class='ocrx_word' id='word_1_188' title='bbox 1007 2602 1101 2687; x_wconf 77' lang='grc' dir='ltr'><strong><em>ὀλίγῃ</em></strong></span> 
     </span>
     <span class='ocr_line' id='line_1_24' title="bbox 89 2705 1102 2810; baseline -0.003 -36"><span class='ocrx_word' id='word_1_189' title='bbox 89 2708 144 2774; x_wconf 84' lang='grc' dir='ltr'><strong><em>καὶ</em></strong></span> <span class='ocrx_word' id='word_1_190' title='bbox 167 2712 214 2786; x_wconf 91' lang='grc' dir='ltr'><strong><em>εἰς</em></strong></span> <span class='ocrx_word' id='word_1_191' title='bbox 235 2713 339 2795; x_wconf 82' lang='grc' dir='ltr'><strong><em>χωρία</em></strong></span> <span class='ocrx_word' id='word_1_192' title='bbox 364 2708 513 2794; x_wconf 79' lang='grc' dir='ltr'><strong><em>ἐνέδραις</em></strong></span> <span class='ocrx_word' id='word_1_193' title='bbox 535 2709 774 2810; x_wconf 85' lang='grc' dir='ltr'><strong><em>κατεχόμενα</em></strong></span> <span class='ocrx_word' id='word_1_194' title='bbox 757 2705 989 2791; x_wconf 91' lang='grc' dir='ltr'><strong><em>υπαγομένων,</em></strong></span> <span class='ocrx_word' id='word_1_195' title='bbox 1011 2729 1102 2791; x_wconf 91' lang='grc' dir='ltr'><strong><em>περι-</em></strong></span> 
     </span>
     <span class='ocr_line' id='line_1_25' title="bbox 48 2806 1102 2901; baseline 0.001 -22.04"><span class='ocrx_word' id='word_1_196' title='bbox 48 2825 174 2899; x_wconf 82' lang='grc' dir='ltr'><strong><em>ήσαν</em></strong></span> <span class='ocrx_word' id='word_1_197' title='bbox 194 2814 386 2901; x_wconf 89' lang='grc' dir='ltr'><strong><em>ἀμφοτέρως</em></strong></span> <span class='ocrx_word' id='word_1_198' title='bbox 402 2814 457 2881; x_wconf 83' lang='grc' dir='ltr'><strong><em>καί</em></strong></span> <span class='ocrx_word' id='word_1_199' title='bbox 476 2806 622 2891; x_wconf 83' lang='grc' dir='ltr'><strong><em>πολλοὺς</em></strong></span> <span class='ocrx_word' id='word_1_200' title='bbox 637 2819 775 2900; x_wconf 90' lang='grc' dir='ltr'><strong><em>νεκροὺς</em></strong></span> <span class='ocrx_word' id='word_1_201' title='bbox 788 2817 984 2898; x_wconf 91' lang='grc' dir='ltr'><strong><em>ποιήσαντες</em></strong></span> <span class='ocrx_word' id='word_1_202' title='bbox 998 2814 1102 2899; x_wconf 91' lang='grc' dir='ltr'><strong><em>ἀσφα-</em></strong></span> 
     </span>
    </p>

    <p class='ocr_par' dir='ltr' id='par_1_4' title="bbox 37 2918 1143 3008">
     <span class='ocr_line' id='line_1_26' title="bbox 37 2918 1143 3008; baseline -0.005 -17"><span class='ocrx_word' id='word_1_203' title='bbox 37 2927 156 2998; x_wconf 72' lang='grc' dir='ltr'><strong><em>τεελῶς</em></strong></span> <span class='ocrx_word' id='word_1_204' title='bbox 183 2920 331 3008; x_wconf 88' lang='grc' dir='ltr'><strong><em>ἀπήεσαν</em></strong></span> <span class='ocrx_word' id='word_1_205' title='bbox 354 2925 401 2999; x_wconf 90' lang='grc' dir='ltr'><strong><em>εἰς</em></strong></span> <span class='ocrx_word' id='word_1_206' title='bbox 423 2924 460 2987; x_wconf 89' lang='grc' dir='ltr'><strong><em>τὸ</em></strong></span> <span class='ocrx_word' id='word_1_207' title='bbox 473 2923 615 3006; x_wconf 93' lang='grc' dir='ltr'><strong><em>χωρίον.</em></strong></span> <span class='ocrx_word' id='word_1_208' title='bbox 662 2918 737 2986; x_wconf 78' lang='grc' dir='ltr'><strong><em>ὥστ’</em></strong></span> <span class='ocrx_word' id='word_1_209' title='bbox 763 2919 835 2986; x_wconf 85' lang='grc' dir='ltr'><strong><em>οὐδ’</em></strong></span> <span class='ocrx_word' id='word_1_210' title='bbox 859 2921 959 3004; x_wconf 83' lang='grc' dir='ltr'><strong><em>ὁμόσε</em></strong></span> <span class='ocrx_word' id='word_1_211' title='bbox 983 2933 1103 3007; x_wconf 86' lang='grc' dir='ltr'><strong><em>χωρεῖν</em></strong></span> <span class='ocrx_word' id='word_1_212' title='bbox 1117 2938 1143 2978; x_wconf 74' lang='lat'><strong><em>2⁵</em></strong></span> 
     </span>
    </p>
   </div>
   <div class='ocr_carea' id='block_1_3' title="bbox 65 3112 1206 3538">
    <p class='ocr_par' dir='ltr' id='par_1_5' title="bbox 65 3112 1206 3254">
     <span class='ocr_line' id='line_1_27' title="bbox 65 3112 1206 3184; baseline 0 -18"><span class='ocrx_word' id='word_1_213' title='bbox 65 3177 68 3184; x_wconf 27' lang='grc' dir='ltr'>Ι</span> <span class='ocrx_word' id='word_1_214' title='bbox 164 3113 237 3176; x_wconf 66' lang='lat' dir='ltr'><strong><em>zv&amp;</em></strong></span> <span class='ocrx_word' id='word_1_215' title='bbox 261 3114 315 3170; x_wconf 87' lang='lat' dir='ltr'><strong><em>del</em></strong></span> <span class='ocrx_word' id='word_1_216' title='bbox 335 3113 439 3168; x_wconf 79' lang='lat' dir='ltr'><strong>Reiske</strong></span> <span class='ocrx_word' id='word_1_217' title='bbox 529 3120 671 3183; x_wconf 82' lang='grc' dir='ltr'><strong><em>3τεταμ</em></strong></span> <span class='ocrx_word' id='word_1_218' title='bbox 671 3112 742 3182; x_wconf 86' lang='grc' dir='ltr'><strong><em>μένα</em></strong></span> <span class='ocrx_word' id='word_1_219' title='bbox 723 3131 789 3167; x_wconf 78' lang='grc' dir='ltr'><strong><em>αα</em></strong></span> <span class='ocrx_word' id='word_1_220' title='bbox 809 3112 898 3167; x_wconf 76' lang='lat' dir='ltr'>Cobet</span> <span class='ocrx_word' id='word_1_221' title='bbox 920 3112 985 3167; x_wconf 79' lang='lat' dir='ltr'><strong><em>Obs</em></strong></span> <span class='ocrx_word' id='word_1_222' title='bbox 1004 3130 1031 3180; x_wconf 88' lang='lat' dir='ltr'><strong><em>p.</em></strong></span> <span class='ocrx_word' id='word_1_223' title='bbox 1052 3117 1103 3167; x_wconf 77' lang='grc'><strong><em>176</em></strong></span> <span class='ocrx_word' id='word_1_224' title='bbox 1204 3131 1206 3136; x_wconf 93' lang='grc'><em>·</em></span> 
     </span>
     <span class='ocr_line' id='line_1_28' title="bbox 92 3134 1104 3254; baseline -0.001 -16"><span class='ocrx_word' id='word_1_225' title='bbox 92 3191 125 3238; x_wconf 90' lang='grc'><strong><em>10</em></strong></span> <span class='ocrx_word' id='word_1_226' title='bbox 153 3184 313 3254; x_wconf 81' lang='grc' dir='ltr'><strong><em>ἀπήνεγκεν</em></strong></span> <span class='ocrx_word' id='word_1_227' title='bbox 338 3185 360 3238; x_wconf 92' lang='grc' dir='ltr'><strong><em>Ο</em></strong></span> <span class='ocrx_word' id='word_1_228' title='bbox 388 3184 545 3254; x_wconf 83' lang='grc' dir='ltr'><strong><em>ἀνήνεγκεν</em></strong></span> <span class='ocrx_word' id='word_1_229' title='bbox 571 3202 593 3240; x_wconf 83' lang='lat' dir='ltr'>c</span> <span class='ocrx_word' id='word_1_230' title='bbox 615 3134 712 3253; x_wconf 48' lang='lat' dir='ltr'>eregge</span> <span class='ocrx_word' id='word_1_231' title='bbox 737 3183 849 3254; x_wconf 69' lang='grc' dir='ltr'><strong><em>Ομαεεύ</em></strong></span> <span class='ocrx_word' id='word_1_232' title='bbox 874 3183 909 3237; x_wconf 84' lang='lat' dir='ltr'><strong><em>de</em></strong></span> <span class='ocrx_word' id='word_1_233' title='bbox 931 3199 1027 3252; x_wconf 74' lang='lat' dir='ltr'><strong>praep.</strong></span> <span class='ocrx_word' id='word_1_234' title='bbox 1051 3200 1104 3237; x_wconf 77' lang='lat' dir='ltr'><strong><em>usu</em></strong></span> 
     </span>
    </p>

    <p class='ocr_par' dir='ltr' id='par_1_6' title="bbox 89 3252 1105 3471">
     <span class='ocr_line' id='line_1_29' title="bbox 89 3252 1104 3328; baseline -0.003 -17"><span class='ocrx_word' id='word_1_235' title='bbox 89 3274 117 3325; x_wconf 91' lang='lat' dir='ltr'><strong><em>p.</em></strong></span> <span class='ocrx_word' id='word_1_236' title='bbox 137 3262 154 3311; x_wconf 85' lang='lat'><em>8</em></span> <span class='ocrx_word' id='word_1_237' title='bbox 177 3256 182 3328; x_wconf 65' lang='grc'><strong>1</strong></span> <span class='ocrx_word' id='word_1_238' title='bbox 206 3273 257 3324; x_wconf 87' lang='lat' dir='ltr'><strong><em>pro</em></strong></span> <span class='ocrx_word' id='word_1_239' title='bbox 276 3263 334 3318; x_wconf 83' lang='grc' dir='ltr'><strong><em>τοῖς</em></strong></span> <span class='ocrx_word' id='word_1_240' title='bbox 353 3255 581 3326; x_wconf 83' lang='grc' dir='ltr'><strong><em>στρατευομένοις</em></strong></span> <span class='ocrx_word' id='word_1_241' title='bbox 600 3254 765 3317; x_wconf 84' lang='grc' dir='ltr'><strong><em>ἰδιάταιςο.</em></strong></span> <span class='ocrx_word' id='word_1_242' title='bbox 784 3252 928 3322; x_wconf 79' lang='lat' dir='ltr'>Kieseling</span> <span class='ocrx_word' id='word_1_243' title='bbox 945 3260 1003 3316; x_wconf 84' lang='grc' dir='ltr'><strong><em>τοῖς</em></strong></span> <span class='ocrx_word' id='word_1_244' title='bbox 1021 3271 1104 3325; x_wconf 85' lang='grc' dir='ltr'><strong><em>στρα-</em></strong></span> 
     </span>
     <span class='ocr_line' id='line_1_30' title="bbox 89 3323 1103 3414; baseline -0.003 -33"><span class='ocrx_word' id='word_1_245' title='bbox 89 3328 212 3395; x_wconf 53' lang='grc' dir='ltr'><strong><em>τιώταις</em></strong></span> <span class='ocrx_word' id='word_1_246' title='bbox 241 3326 366 3389; x_wconf 77' lang='grc' dir='ltr'><strong><em>ἰδιώταις</em></strong></span> <span class='ocrx_word' id='word_1_247' title='bbox 394 3327 448 3382; x_wconf 76' lang='lat' dir='ltr'>dol.</span> <span class='ocrx_word' id='word_1_248' title='bbox 472 3327 535 3396; x_wconf 70' lang='lat' dir='ltr'><strong><em>Kay</em></strong></span> <span class='ocrx_word' id='word_1_249' title='bbox 537 3342 581 3381; x_wconf 74' lang='grc' dir='ltr'><strong><em>τοι</em></strong></span> <span class='ocrx_word' id='word_1_250' title='bbox 607 3328 678 3396; x_wconf 81' lang='lat' dir='ltr'><strong><em>Ann</em></strong></span> <span class='ocrx_word' id='word_1_251' title='bbox 701 3323 771 3414; x_wconf 88' lang='lat' dir='ltr'><strong>phil.</strong></span> <span class='ocrx_word' id='word_1_252' title='bbox 798 3330 866 3379; x_wconf 90' lang='grc'><strong><em>1868</em></strong></span> <span class='ocrx_word' id='word_1_253' title='bbox 893 3343 920 3393; x_wconf 90' lang='lat' dir='ltr'><strong><em>p.</em></strong></span> <span class='ocrx_word' id='word_1_254' title='bbox 945 3330 996 3380; x_wconf 78' lang='grc'><strong><em>817</em></strong></span> <span class='ocrx_word' id='word_1_255' title='bbox 1071 3332 1103 3378; x_wconf 78' lang='grc'><strong><em>18</em></strong></span> 
     </span>
     <span class='ocr_line' id='line_1_31' title="bbox 91 3369 1105 3513; baseline -0.002 -60"><span class='ocrx_word' id='word_1_256' title='bbox 91 3397 189 3470; x_wconf 83' lang='grc' dir='ltr'><strong><em>βοεικὰ</em></strong></span> <span class='ocrx_word' id='word_1_257' title='bbox 206 3369 286 3452; x_wconf 68' lang='lat' dir='ltr'>&#39;ABG</span> <span class='ocrx_word' id='word_1_258' title='bbox 311 3398 388 3471; x_wconf 88' lang='grc' dir='ltr'><strong><em>βοικ</em></strong></span> <span class='ocrx_word' id='word_1_259' title='bbox 375 3419 394 3452; x_wconf 93' lang='grc' dir='ltr'><strong><em>α</em></strong></span> <span class='ocrx_word' id='word_1_260' title='bbox 412 3398 556 3467; x_wconf 83' lang='lat' dir='ltr'>Kiessling</span> <span class='ocrx_word' id='word_1_261' title='bbox 630 3407 660 3452; x_wconf 91' lang='grc'><strong><em>16</em></strong></span> <span class='ocrx_word' id='word_1_262' title='bbox 684 3393 834 3467; x_wconf 87' lang='grc' dir='ltr'><strong><em>πράγματα</em></strong></span> <span class='ocrx_word' id='word_1_263' title='bbox 852 3394 899 3448; x_wconf 90' lang='lat' dir='ltr'><strong><em>Bb</em></strong></span> <span class='ocrx_word' id='word_1_264' title='bbox 974 3401 1007 3449; x_wconf 88' lang='lat'><strong><em>18</em></strong></span> <span class='ocrx_word' id='word_1_265' title='bbox 1026 3394 1105 3513; x_wconf 84' lang='grc' dir='ltr'><strong><em>δέχε-</em></strong></span> 
     </span>
    </p>

    <p class='ocr_par' dir='ltr' id='par_1_7' title="bbox 91 3468 510 3538">
     <span class='ocr_line' id='line_1_32' title="bbox 91 3468 510 3538; baseline -0.005 -15"><span class='ocrx_word' id='word_1_266' title='bbox 91 3473 149 3523; x_wconf 78' lang='grc' dir='ltr'><strong><em>οθα</em></strong></span> <span class='ocrx_word' id='word_1_267' title='bbox 152 3469 246 3524; x_wconf 79' lang='grc' dir='ltr'><strong><em>ιιιδδ.</em></strong></span> <span class='ocrx_word' id='word_1_268' title='bbox 264 3468 392 3538; x_wconf 73' lang='grc' dir='ltr'><strong><em>Βοῦτος</em></strong></span> <span class='ocrx_word' id='word_1_269' title='bbox 411 3485 465 3524; x_wconf 92' lang='lat' dir='ltr'><strong><em>om.</em></strong></span> <span class='ocrx_word' id='word_1_270' title='bbox 485 3469 510 3521; x_wconf 86' lang='lat' dir='ltr'>R</span> 
     </span>
    </p>
   </div>
   <div class='ocr_carea' id='block_1_4' title="bbox 0 0 1219 3848">
    <p class='ocr_par' dir='ltr' id='par_1_8' title="bbox 0 0 1219 3848">
     <span class='ocr_line' id='line_1_33' title="bbox 0 0 1219 3848; baseline 0 0"><span class='ocrx_word' id='word_1_271' title='bbox 0 0 1219 3848; x_wconf 95' lang='lat' dir='ltr'><strong><em> </em></strong></span> 
     </span>
    </p>
   </div>
  </div>
 </body>
</html>
