2424 3848
501 163 671 212 -Η-
1027 162 1092 227 243

77 347 150 407 νης,
170 321 229 387 ἐὰν
243 321 352 407 ἐκείνη
368 321 416 406 γ’,
436 323 544 407 ὥσπερ
560 322 745 406 ἐλπίζομεν,
763 323 899 409 ὁμονοῇ.
929 326 1092 410 χρήσιμον

77 426 116 494 δδ
139 438 273 515 πρᾶγμα
296 428 333 493 ἐν
355 433 490 506 πολλοῖς
517 427 571 493 καὶ
594 430 710 512 ήκιστα
741 432 908 516 σφαλερὸν
931 429 1092 517 ἀναβολή,

76 534 132 601 καὶ
156 535 262 600 πολλὰ
286 536 303 601 ὁ
326 538 447 621 χρόνος
470 535 506 600 ἐν
530 534 635 623 ἡμέρᾳ
658 544 718 623 μιᾷ
741 541 947 622 μετατίθησι·
975 536 1090 605 καὶτὸ

76 645 122 729 μή
141 642 315 719 στασιάζον
334 641 370 706 ἐν
389 653 458 718 τοῖς
475 645 693 728 προεστηκόσι
711 653 778 708 τῶν
791 656 915 709 κοινῶν
935 644 1090 712 ἁπάντων

75 749 216 833 ἀγαθών
244 747 280 813 ἐν
303 759 374 824 ταίς
400 751 537 814 πόλεσιν
560 755 676 815 αίτιον.
722 749 786 833 ἐγὼ
816 746 876 835 μὲν
900 752 942 835 δή
966 752 1089 836 ταύτην
1116 777 1129 818 ε

74 856 303 940 ἀποφαίνομαι
335 856 484 939 γνώμην·
517 857 549 919 εί
575 854 614 920 δέ
639 879 687 932 τις
715 857 796 920 ἀλλο
824 867 973 940 κρεῖττον
1001 859 1089 941 είση-

73 958 345 1047 γείται,-λεγε’τω.

10 1083 73 1134 1694
142 1067 290 1133 LXXVI.
331 1067 556 1151 Παυσαμένου
581 1065 612 1134 δ’
641 1067 745 1134 αὑτοῦ
767 1071 872 1145 πολὺς
894 1071 1029 1145 ἔπαινος
1052 1069 1088 1136 ἐκ

73 1187 141 1242 τῶν
168 1177 344 1260 παρόντων
372 1174 518 1258 ἐγένετο,
546 1172 601 1241 καὶ
629 1173 743 1252 οὐθεὶς
771 1185 838 1241 τών
861 1170 929 1259 μετ’
956 1174 1087 1241 ἐκεῖνον

73 1280 312 1368 ἐρωτηθέντων
331 1278 446 1366 ἑτέραν
464 1282 600 1365 γνώμην
619 1280 849 1365 ἀποφαίνεται·
870 1281 1029 1366 γράφεται
1044 1282 1086 1365 δή
1102 1307 1127 1346 ιο

73 1389 155 1473 μετά
182 1398 283 1453 ταῦτα
311 1390 428 1471 τὸτῆς
451 1392 575 1472 βουλής
597 1389 704 1472 δόγμα
727 1389 872 1453 τοιόνδε·
902 1389 1027 1472 ἀνδρας
1049 1385 1087 1453 ἐκ

70 1504 140 1559 τῶν
178 1494 346 1559 ὑπατικῶν
384 1496 562 1580 αἱρεθῆναι
599 1492 678 1559 δέκα
714 1496 792 1571 τοὺς
827 1492 1085 1579 πρεσβυτάτους,

72 1601 193 1677 οἵτινες
219 1600 390 1685 ὁρίσαντες
417 1601 479 1683 τήν
509 1601 673 1685 δημοσίαν
699 1601 811 1687 χώραν
840 1598 1087 1686 ἀποδείξουσιν,

71 1707 155 1791 ὁσην
178 1730 211 1772 τε
236 1708 289 1772 δεῖ
309 1713 517 1791 μισθοῦσθαι
540 1705 596 1771 καὶ
619 1706 702 1789 ὅσην
724 1715 770 1794 τῷ
795 1708 890 1797 δήμω
914 1709 1085 1794 διαιρεθή-

72 1833 141 1880 ναι·
170 1823 238 1890 τοῖς
266 1810 297 1878 δ’
323 1815 525 1890 ἰσοπολίταις
552 1837 586 1878 τε
614 1812 668 1878 καί
696 1813 895 1900 συμμάχοις,
924 1813 982 1880 ἐάν
1009 1799 1124 1914 τινα12ὁ

68 1921 211 2006 ὕστερον
240 1919 478 2004 ἐπικτήσωνται
505 1929 600 2005 κοινή
629 1921 921 2006 στρατευσάμενοι,
948 1923 985 1987 τὸ
1015 1919 1084 1986 ἐπι-

68 2027 196 2112 βάλλον
225 2023 373 2102 ἑκάστοις
399 2027 481 2091 κατδι
503 2027 560 2102 τὰς
588 2026 765 2111 ὁμολογίας
787 2026 949 2111 ὑπάρχειν
972 2025 1083 2110 μέρος·

68 2134 132 2218 τήν
164 2130 194 2198 δ’
222 2134 350 2219 αἵρεσιν
382 2143 449 2199 τῶν
482 2132 615 2219 ἀνδρῶν
647 2130 702 2197 καί
734 2135 795 2216 τήν
823 2133 989 2216 διανομήν
1015 2142 1082 2200 τῶν

67 2241 202 2325 κλήρων
220 2238 274 2305 καὶ
292 2233 396 2305 τάλλα
415 2239 476 2305 ὅσα
495 2240 549 2305 δεί
564 2237 723 2323 γενέσθαι
741 2241 819 2316 τοὺς
837 2240 1000 2316 εἰσιόντας
1014 2238 1082 2304 ἐπι-

67 2344 198 2412 τελέσαι
221 2347 373 2423 ὑπάτους.
419 2354 517 2411 τοῦτο
540 2347 577 2411 τὸ
602 2346 709 2429 δόγμα
732 2347 779 2422 είς
802 2345 861 2409 τὸν
884 2345 992 2429 δῆμον
1015 2348 1081 2411 είσ-
1095 2369 1122 2408 κο

67 2449 207 2539 ενεχθδν
229 2455 288 2518 τόν
315 2476 349 2517 τε
373 2453 524 2518 Κάσσιον
548 2454 667 2517 ἔπαυσε
691 2460 748 2535 της
773 2453 999 2536 δημαγωγίας,
1025 2451 1081 2518 καὶ

66 2562 129 2643 τήν
148 2557 446 2646 ἀναρριπιζομένην
465 2557 501 2623 ἐκ
523 2570 591 2624 τών
607 2560 758 2643 πενήτων
778 2557 894 2624 στάσιν
913 2558 976 2623 οὑκ
991 2564 1080 2624 είασε

64 2664 249 2752 περαιτέρω
272 2670 462 2752 προελθεῖν.

133 2770 297 2839 LXXVII.
343 2776 396 2860 Τῷ
424 2769 454 2836 δ’
482 2770 555 2856 ἑξής
581 2771 722 2860 ἐνιαυτῷ
750 2781 808 2856 τῆς
835 2768 1081 2856 ἑβδομηκοστῆς

63 2877 121 2944 καὶ
143 2880 297 2965 τετάρτης
319 2877 525 2964 ὀλυμπιάδος
547 2877 740 2962 ἐνεστώσης,
763 2877 806 2962 ήν
829 2877 922 2943 ἐνίκα
941 2875 1078 2942 στάδιον
1092 2895 1118 2936 2⁵

54 2985 220 3062 ’Ἀστυλος
247 2986 494 3069 Συρακούσιος,
522 2982 683 3069 Ἀθήνησι
715 2982 745 3049 δ’
778 2986 890 3071 άρχων
917 2978 960 3068 ήν
986 2984 1079 3048 Λεώ-

10 3107 216 3176 595στρατος,
234 3095 380 3158 Κοίντου
400 3095 531 3176 Φαβίου
549 3089 605 3156 καί
622 3095 789 3176 Σερουίου
808 3093 999 3177 Κορνηλίου
1017 3089 1079 3173 τήν

137 3291 154 3339 4
173 3279 204 3339 ἐν
223 3285 278 3340 del.
296 3282 441 3353 Kiessling
549 3291 564 3338 6
583 3283 634 3353 τὴν
653 3285 766 3354 γνώμην
790 3299 812 3337 υ.
832 3282 935 3338 Reiske
1044 3285 1076 3334 12

64 3358 80 3389 *
94 3373 145 3426 pro
164 3356 384 3425 ἀποδειχθῆναι,
403 3354 478 3424 quod
493 3371 546 3410 om
562 3354 627 3424 AB,
647 3352 801 3425 αἱρεθῆναι
820 3371 872 3424 ego
891 3354 921 3407 in
934 3351 1022 3407 verba
1035 3367 1077 3404 re·

65 3427 128 3497 cepi
146 3427 181 3481 cf.
196 3445 223 3496 p.
239 3433 304 3494 242,
325 3433 341 3481 9
361 3430 391 3481 et
403 3442 501 3482 vocem
520 3427 628 3495 αἵρεσιν
646 3444 672 3481 v.
688 3431 721 3480 18

863 3514 916 3567 16*
