2424 3848
544 183 709 236 -Θ-
1070 183 1135 248 283

120 348 203 420 σίως
232 339 318 408 εἶναι
349 345 392 428 μὴ
423 343 657 428 βουλομένους.
703 343 889 430 γινομένων
918 346 981 430 γάρ
1008 347 1135 412 τούτων

120 450 247 524 πολλάς
270 448 406 526 ἐλπίδας
423 445 515 535 εἶχον
533 449 625 534 ἡξειν
645 449 698 516 ἐπὶ
716 453 754 516 τὸ
774 455 971 536 στρατήγιον
990 453 1136 530 ἅπαντας

121 556 390 639 ἀγανακτοῦντας
417 555 471 621 καὶ
499 561 729 640 καταβοῶντας
751 555 807 622 καὶ
830 560 1025 635 κελεύοντας
1047 558 1136 641 ἡγεῖ-

121 652 204 728 σθαι
228 674 323 746 σφῶν
347 661 399 727 ἐπὶ
422 666 499 739 τοὺς
521 668 712 748 πολεμίους·
739 663 819 749 ὅπερ
842 663 897 729 καὶ
922 663 1054 749 συνέβη.
1092 664 1175 741 ὡς3

120 770 184 854 γάρ
208 767 349 854 ήρξαντο
368 770 426 846 τὰς
444 769 579 846 ἐξόδους
596 778 657 834 τοῦ
675 771 818 856 χάρακος
837 770 1079 856 ἀποταφρεύειν
1101 794 1136 836 τε
1163 790 1176 831 ι

119 873 176 940 καὶ
205 873 440 960 ἀποσταυροῦν
470 877 505 941 οί
532 874 698 961 πολέμιοι,
732 878 1076 962 δυσανασχετήσαντες
1104 878 1139 943 οί

47 979 275 1065 1757Ῥωμαῐοι
300 979 353 1045 ἐπὶ
380 990 425 1068 τῷ
451 984 554 1069 έργςο,
581 981 661 1058 τέως
683 978 744 1067 μὲν
766 980 835 1047 κατ’
858 982 1006 1065 ὀλίγους,
1034 979 1131 1047 ἔπειτ’

121 1087 243 1174 ἀθρόοι
267 1086 500 1172 συντρέχοντες
523 1085 576 1152 ἐπὶ
599 1089 656 1164 τάς
679 1089 801 1171 σκηνάς
824 1099 891 1154 τῶν
912 1087 1048 1153 ὑπάτων
1068 1087 1084 1152 ἐ
1122 1128 1136 1137 -

119 1194 286 1279 κράγεσάν
313 1217 348 1258 τε
376 1193 432 1259 καὶ
459 1196 644 1276 προδοσίαν
668 1195 781 1272 αὐτοῖς
803 1193 1001 1277 ἐνεκάλουν,
1029 1192 1084 1259 καὶ
1107 1196 1138 1258 εί

120 1302 166 1385 μή
190 1323 238 1376 τις
260 1299 417 1384 ἡγήσεται
441 1305 536 1386 σφίσι
559 1310 617 1383 τῆς
638 1301 767 1385 ἐξόδου,
792 1302 867 1387 δίχα
886 1300 1023 1366 ἐκείνων
1041 1296 1136 1365 αὐτοὶ
1151 1320 1177 1359 ιο

121 1408 161 1471 τά
190 1406 275 1471 ὅπλα
303 1409 433 1491 ἔχοντες
456 1405 509 1473 ε’πὶ
532 1411 610 1485 τοὺς
633 1410 811 1492 πολεμίους
835 1410 950 1490 ἔλεγον
973 1405 1136 1485 ἐξελεύσε-

120 1519 213 1578 σθαι.
259 1513 305 1590 ὡς
328 1511 359 1578 δ’
383 1512 415 1592 ἐξ
439 1512 594 1579 ἁπάντων
616 1513 744 1597 ἐγίνετο
768 1506 877 1596 τοῦτο,
899 1524 1053 1599 παρεῖναι
1075 1514 1175 1579 τὸν4

120 1622 261 1704 χρόνον,
289 1619 328 1685 δν
356 1618 569 1704 περιέμενον,
596 1620 631 1684 οί
652 1618 828 1704 στρατηγοὶ
850 1612 1046 1704 νομίσαντες
1069 1617 1137 1683 ε’κί-

119 1731 223 1790 λευον
250 1735 319 1801 τοῖς
341 1723 518 1809 ὑπηρέταις
541 1731 720 1808 συγκαλεῖν
742 1728 779 1792 τὸ
802 1731 931 1808 πλῆθος
953 1728 1001 1802 είς
1023 1724 1136 1808 ἐκκλη-

119 1835 211 1896 σίαν·
235 1829 291 1895 καὶ
313 1833 490 1916 προελθὼν
516 1832 643 1915 Φάβιος
665 1833 777 1898 τοιάδε
800 1828 884 1898 εἶπε·
1151 1851 1176 1892 1⁵

189 1935 299 2000 VHII.
331 1938 476 2019 Βραδεία
505 1934 567 2021 μὲν
593 1938 614 2021 ἡ
644 1935 862 2023 ἀγανάκτησις
888 1937 983 2022 ὑμῶν
1011 1921 1136 2020 γίνεται

119 2040 197 2127 περὶ
226 2037 274 2108 ὧν
301 2043 477 2128 ὑβρίζεσθε
507 2045 572 2110 ὑπὸ
596 2055 663 2110 τῶν
686 2045 869 2129 πολεμίων,
897 2044 1017 2128 ἀνδρες
1040 2060 1133 2126 στρα-

122 2153 240 2213 τιῶταί
264 2173 299 2214 τε
326 2148 381 2214 καὶ
409 2149 580 2234 ἡγεμόνες·
613 2148 669 2215 καὶ
698 2152 735 2215 τὸ
762 2152 969 2234 βουλόμενον
998 2145 1137 2214 ἑκάστου

121 2266 242 2341 χωρεῖν
266 2256 367 2339 ὁμόσε
390 2266 460 2331 τοῖς
478 2255 641 2332 ἐναντίοις
660 2258 745 2321 πολὺ
763 2265 824 2320 τοῦ
843 2253 978 2329 δέοντος
996 2253 1137 2337 ὕστερον

121 2363 327 2445 φαινόμενον
359 2362 470 2445 άωρόν
503 2360 580 2426 ἐστι.
631 2365 831 2445 παλαίτερον
863 2359 925 2443 γάρ
958 2361 1005 2423 ἐτι
1037 2357 1133 2424 τοῦδ’
1151 2379 1177 2418 ω

121 2468 208 2551 ὑμᾶς
236 2468 303 2531 ἔδει
331 2466 502 2551 πράττειν,
531 2467 584 2532 ὅτε
611 2479 744 2553 πρῶτον
771 2465 892 2542 αὐτοὺς
914 2465 1016 2529 είδετε
1040 2488 1137 2528 κατα-

122 2577 299 2657 βαίνοντας
327 2572 363 2637 ἐκ
390 2583 457 2637 τῶν
481 2572 654 2657 ἐρυμάτων
677 2571 732 2639 καὶ
755 2573 860 2657 μάχης
882 2572 996 2654 ἀρχειν
1019 2573 1138 2652 βουλο-

122 2678 254 2763 μένους.
300 2680 372 2744 τότε
401 2678 463 2763 γάρ
489 2680 596 2761 δήπου
619 2680 719 2755 καλὸς
741 2678 759 2744 ὁ
782 2675 857 2763 περὶ
880 2687 938 2759 τῆς
959 2676 1139 2760 ἡγεμονίας

50 2779 166 2868 ιτσεὴν
189 2782 280 2867 ἀγὼν
303 2781 359 2848 καὶ
381 2793 441 2848 τοῦ
459 2781 627 2866 Ῥωμαίων
649 2785 860 2869 φρονήματος
882 2781 982 2859 άξιος.
1018 2787 1083 2847 νῦν
1103 2776 1135 2846 δ’

123 2890 303 2974 ἀναγκαῖος
320 2891 384 2973 ήδη
403 2893 542 2972 γίνεται,
560 2886 615 2954 καὶ
634 2887 722 2973 οὐδ’,
742 2887 784 2954 ἀν
802 2891 839 2954 τὸ
858 2887 1034 2973 κράτιστον
1053 2886 1137 2972 λάβη
1151 2905 1177 2946 ιι

122 2994 232 3076 τέλος,
265 2997 387 3079 ὁμοίως
419 2999 527 3072 καλός.
577 2991 616 3060 εὖ
649 2992 686 3061 δὲ
718 2994 773 3061 καί
804 3004 868 3061 νῦν
900 3005 1023 3059 ποιεῖτε
1051 2994 1173 3077 ὅμως2

121 3102 429 3186 ἐπανορθώσασθαι
465 3090 526 3184 τὴν
558 3104 747 3187 βραδυτῆτα
779 3104 978 3185 βουλόμενοι
1011 3097 1065 3164 καὶ
1097 3099 1138 3162 τὰ

196 3366 211 3419 '1
232 3362 341 3420 ἔπειτα.
360 3364 383 3416 Β
457 3336 490 3418 λά
508 3365 660 3434 παρελθὼν
679 3361 699 3418 O
719 3364 749 3417 et
765 3359 895 3416 Hertlein
914 3360 1030 3415 Hermes
1044 3360 1070 3413 X
1084 3367 1138 3415 414

123 3443 207 3492 181⁶
227 3435 290 3489 add.
311 3438 333 3489 B
405 3441 439 3491 20
458 3437 628 3504 παλαίτερον
647 3433 700 3503 γὰρ
720 3450 775 3490 om.
796 3435 841 3487 Ba
