2424 3848
546 187 709 236 -Ζ-
1089 181 1132 244 27

114 350 198 433 ἡμῖν
229 348 292 431 τήν
325 348 442 412 στάσιν
475 355 572 412 τοῦτο
601 347 819 430 συνεχωρήθη
847 347 884 410 τὸ
913 339 1044 410 δίκαιον
1070 341 1130 430 ὑφ’

114 455 229 539 ὑμῶν,
257 455 338 519 ὅταν
360 454 396 519 οί
416 454 580 538 δήμαρχοι
603 453 815 535 συναγάγωσι
837 454 898 517 τὸν
921 453 1028 535 δήμου
1049 446 1134 535 ὑπὲρ

114 561 349 644 ὁτουδήτινος,
376 561 421 645 μή
449 571 603 646 παρεῖναι
625 567 665 643 τῇ
689 560 820 647 συνόδῳ
844 561 922 635 τοὺς
943 560 1135 644 πατρικίους

113 664 195 753 μηδ’
219 665 381 752 ένοχλεῖν;
406 663 621 750 Μεμνήμεθ’,
645 668 767 750 ἔφησεν
788 664 806 730 δ
830 665 999 748 Γεγάνιος.
1036 662 1090 729 καὶ
1116 663 1134 730 ὁ

113 777 268 860 Βροῦτος
289 770 463 859 ὑποφέρει·
501 775 543 837 Τί
560 767 623 838 οὑν
641 773 806 848 παθόντες
825 770 979 856 ἐμποδὼν
997 767 1130 837 ἵστασθ’
1162 797 1175 838 ι

112 879 197 963 ήμῖν
220 877 275 944 καὶ
295 879 356 945 οὐκ
374 878 447 944 έᾶτε
467 882 545 956 τοὺς
564 879 753 964 δημάρχους
771 877 792 942 δ
810 879 990 962 βούλονται
1009 876 1132 961 λέγειν;

115 984 331 1071 ἀποκρίνεται
358 986 441 1068 πρὸς
468 983 567 1051 ταῦθ’
599 985 618 1051 ὑ
646 984 820 1068 Γεγάνιος·
849 982 922 1049 Ὅτι
950 984 1011 1050 ούκ
1039 982 1134 1049 αὑτοὶ

115 1091 345 1157 συνεκάλεσαν
367 1094 427 1158 τὸν
452 1093 559 1176 δήμου
582 1093 630 1167 είς
651 1092 713 1174 τήν
737 1090 925 1176 ἐκκλησίαν,
947 1088 1018 1156 ἀλλ’
1041 1090 1135 1174 ήμεῖς

114 1200 152 1264 οί
171 1198 301 1264 ὑπατοι.
338 1201 370 1263 εί
387 1193 449 1282 μὲν
468 1191 529 1263 οὖν
547 1198 613 1264 ὑπὸ
637 1196 802 1280 τούτωνή
828 1197 970 1272 σύνοδος
993 1194 1134 1280 ἐγένετο,

116 1300 224 1370 οὐθὲν
251 1303 294 1369 άν
321 1302 480 1388 ἠξιοῦμεν
508 1305 584 1369 οὑτε
616 1305 759 1369 κωλύειν
791 1304 867 1368 ούτε
899 1307 1135 1387 πολυπραγμο-
1149 1330 1176 1370 ιο

114 1422 203 1476 νεῖν·
225 1409 339 1493 έπειδή
359 1408 389 1475 δ’
410 1410 504 1494 ἡμεῖς
523 1409 755 1494 συνηγάγομεν
774 1411 835 1494 τήν
854 1408 1041 1494 ἐκκλησίαν,
1059 1405 1135 1493 οὐχὶ

46 1519 256 1594 ισσοτούτονς
279 1516 453 1599 ἀγορεύειν
475 1517 665 1601 κωλύομεν,
693 1513 765 1581 ἀλλ’
791 1515 856 1581 ὑπὸ
883 1517 1012 1581 τούτων
1039 1512 1134 1579 αὐτοὶ

114 1624 307 1691 κωλύεσθαι
335 1623 376 1689 ού
405 1625 608 1707 δικαιοῦμεν.
645 1621 700 1687 καὶ
729 1623 748 1689 ὑ
773 1626 921 1706 Βροῦτος
943 1622 1168 1707 ὑποτυχώνὸ

113 1734 287 1814 Νικῶμεν,
311 1732 446 1814 ἔφησεν,
469 1725 495 1795 ὦ
515 1731 665 1813 δημόται,
687 1727 743 1793 καὶ
760 1731 1031 1815 παρακεχώρηται
1052 1725 1133 1813 ὑμῖν

113 1838 180 1903 ὑπὸ
204 1847 272 1901 τῶν
297 1837 469 1922 διαφόρων
493 1835 554 1900 ὅσα
577 1833 743 1919 ήξιοῦμεν.
782 1843 846 1900 νῦν
869 1831 930 1919 μέν
954 1829 1016 1900 οὖν
1039 1835 1132 1899 άπιτε
1147 1859 1173 1900 16

113 1941 171 2008 καὶ
202 1943 379 2008 παύσασθε
411 1947 693 2027 φιλονεικοῦντες·
732 1941 852 2026 αὔριον
886 1937 916 2005 δ’
946 1940 1027 2023 ὑμῖν
1059 1941 1135 2005 ὑπι-

114 2058 281 2133 σχνοῦμαι
313 2049 463 2134 φανεράν
495 2048 648 2130 ποιήσειν
680 2047 763 2130 ὅσην
796 2049 883 2132 ἔχετε
917 2046 1023 2130 ίσχύν.
1078 2043 1134 2109 καὶ

113 2157 211 2240 ὑμεῖς
228 2151 276 2238 γ’,
295 2149 321 2218 ὦ
342 2156 516 2239 δήμαρχοι,
534 2155 792 2240 παραχωρήσατε
809 2153 923 2229 αὐτοῖς
936 2162 994 2235 τῆς
1009 2151 1134 2237 ἀγορᾶς

114 2261 154 2328 έν
176 2269 222 2348 τῷ
246 2263 400 2345 παρόντι·
433 2261 560 2346 οὐγὰρ
584 2261 631 2335 είς
656 2259 749 2336 τέλος
775 2260 1040 2346 παραχωρήσετε·
1073 2283 1134 2342 μα-

112 2370 237 2444 θόντες
265 2363 295 2432 δ’
324 2366 405 2432 ὅσον
433 2370 498 2453 έχει
526 2366 645 2449 κράτος
671 2365 766 2450 ὑμῶν
788 2363 808 2449 ἡ
833 2364 928 2451 άρχή·
961 2367 1132 2449 γνώσεσθε
1147 2392 1174 2432 νο

112 2475 179 2560 γάρ
204 2473 267 2538 οὐκ
285 2475 332 2550 είς
350 2473 492 2560 μακράν·
517 2472 580 2554 ἐγὼ
600 2470 695 2538 τοῦθ’
718 2472 799 2556 ὑμῖν
817 2471 1021 2558 ὑποδέχομαι
1039 2473 1133 2555 ποιή-

113 2596 188 2645 σειν
202 2582 364 2665 φανερόν·
379 2578 601 2665 μετριωτέραν
615 2578 726 2644 αὐτῶν
736 2569 922 2645 ἀποδώσετε
936 2581 997 2663 τήν
1011 2579 1132 2663 ὑπερη-

112 2689 250 2772 φανίαν.
288 2684 345 2750 ἐάν
374 2682 411 2750 δὲ
435 2686 619 2769 φενακίζων
641 2684 727 2768 ὑμᾶς
749 2684 895 2771 εὑρεθῶ,
923 2681 1086 2769 χρήσασθ’
1113 2683 1131 2747 ὅ

111 2817 145 2858 τι
168 2788 338 2876 βούλεσθέ
358 2816 424 2876 μοι.

181 2897 289 2963 XVII.
315 2897 468 2974 Οὐδενὸς
485 2893 522 2962 δὲ
536 2899 618 2983 πρὸς
630 2895 723 2964 ταῦτ’
740 2893 969 2973 ἀντιλέξαντος
984 2890 1131 2978 άπήεσαν
1146 2918 1172 2961 ιτ

112 3005 150 3071 έκ
179 3014 238 3088 τής
272 3003 445 3087 ἐκκλησίας
477 3004 517 3070 οὐ
552 3004 609 3081 τάς
641 3005 758 3088 ὁμοίας
789 3002 971 3084 ὑπολήψεις
1003 3002 1133 3086 ἔχοντες

187 3231 409 3357 5<Ιξαθύντες
425 3230 473 3284 Bb
492 3232 676 3356 μαθόντεςΒ
700 3230 734 3285 cf
755 3228 844 3284 Cobet
863 3228 966 3298 Obs.p
969 3235 1042 3285 ,138
1116 3236 1131 3284 7

114 3304 204 3359 dom
225 3309 250 3357 A
284 3302 387 3358 Madd
408 3301 482 3372 Cmg
555 3309 586 3357 11
607 3298 719 3356 ἒὲτιεὶδ
747 3317 770 3354 ο.
794 3300 917 3354 Reudler
940 3299 1069 3369 Τίεοοη)
1072 3305 1131 3356 47

116 3383 150 3432 17
170 3374 340 3443 φανερδνο.
361 3373 483 3442 Sylburg
498 3377 504 3440 1
519 3374 568 3428 καὶ
586 3371 714 3443 ὑμεῐςδδ
734 3388 757 3426 ο
772 3371 917 3442 Kiessling
1008 3319 1069 3426 209
1061 3371 1133 3440 γνώ-

115 3449 204 3502 σεσθε
222 3445 254 3500 δὲ
273 3445 296 3498 Β
369 3451 402 3499 21
422 3443 597 3515 ὑποδέχομαι
615 3444 638 3496 Β
656 3445 845 3513 ὑπισχνοῦμαι
863 3443 888 3497 R
