2424 3848
499 169 668 219 -H-
1026 166 1090 231 175

64 323 256 406 ἀδυνάτοις
274 327 451 415 ἐπιχειρεῖν
467 328 692 412 ὑπολαμβάνω
706 327 875 414 πράγμασι
887 331 990 405 θεοὺς
1005 331 1090 414 ἔχων

70 435 185 502 αὐτῶν
208 435 385 519 ἡγεμόνας,
407 440 475 518 είγε
499 435 553 500 δεῖ
573 438 808 520 τεκμαίρεσθαι
827 445 896 512 τοῖς
913 437 1090 518 γεγονόσιν

73 541 133 628 ἤδη
160 543 203 607 τά
225 539 397 626 μέλλοντα.

135 647 275 714 XXXV.
320 645 406 734 Περὶ
435 645 473 713 δὲ
500 656 557 731 τῆς
585 650 810 733 μετριότητος,
837 643 889 732 ἐφ’
916 647 960 730 ἣν
985 668 1089 733 παρα-

73 752 205 823 καλεῖτέ
224 778 276 840 με,
298 752 353 819 καὶ
376 764 437 820 τοῦ
455 755 499 839 μὴ
518 756 697 840 πρόρριζον
715 753 846 819 ἀνελεῖν
864 756 902 819 τὸ
920 751 1088 838 Ῥωμαίων
1113 741 1128 816 ι

72 861 168 944 γένος
200 856 278 945 μηδ’
310 859 347 926 ἐκ
377 860 518 946 βάθρων
551 860 633 945 ὅλην
664 859 846 943 ἀναστῆσαι
884 861 946 944 την
977 865 1088 944 πόλιν,

71 963 164 1053 εἶχον
192 964 269 1051 μέν,
296 962 323 1031 ὦ
350 968 522 1051 Μηνύκιε,
549 964 673 1050 λέγειν,
704 966 754 1031 ὅτι
782 967 844 1032 οὐκ
873 966 938 1050 έγὼ
967 968 1088 1034 τούτου

68 1075 187 1160 κύριος
209 1069 289 1139 οὐδὲ
311 1075 394 1159 πρὸς
417 1069 473 1156 ἐμὲ
496 1072 514 1139 ὁ
537 1070 763 1158 περὶτούτων
787 1070 855 1138 ἐστὶ
878 1076 986 1156 λόγος,
1012 1071 1084 1139 ἀλλ’

68 1179 135 1264 ἐγὼ
168 1182 349 1265 στρατηγός
380 1180 449 1263 είμι
479 1187 537 1262 τῆς
569 1179 754 1263 δυνάμεως,
785 1177 933 1262 πολέμου
965 1175 1003 1243 δὲ
1031 1175 1087 1243 καὶ

46 1287 207 1372 ῶείρήνης
228 1280 322 1351 οὗτοι
349 1284 472 1370 κύριοι·
500 1286 584 1350 ὥστε
610 1286 699 1371 παρά
728 1285 857 1352 τούτων
880 1281 1030 1350 αἰτεῖσθέ
1048 1280 1081 1368 γ’
1100 1303 1127 1344 ιο

67 1391 195 1479 ἀνοχάς
222 1389 275 1456 ἐπὶ
303 1392 512 1475 διαλλαγαῖς,
540 1390 623 1457 άλλά
650 1392 694 1476 μὴ
717 1388 795 1477 παρ’
820 1390 911 1475 έμοῦ.
957 1389 998 1457 οὐ
1019 1390 1126 1475 μην2

69 1497 210 1581 [ταύτην
239 1520 277 1580 γε
309 1497 429 1582 δίδωμι
466 1498 529 1581 την
560 1496 748 1583 ἀπόκρισιν]
781 1497 866 1562 ἀλλά
897 1494 953 1562 καὶ
983 1499 1087 1574 θεοὺς

66 1601 180 1689 σέβων
194 1607 272 1681 τοὺς
289 1599 464 1692 πατρῴους
480 1601 536 1668 καλ
553 1603 679 1689 τάφους
696 1604 895 1688 αἰδούμενος
909 1606 1086 1689 προγόνων

64 1708 124 1776 καὶ
152 1718 232 1794 γῆν,
260 1708 292 1789 ἐξ
322 1704 362 1793 ἧς
390 1711 493 1795 ἔφυν,
520 1709 679 1793 γυναῖκάς
704 1732 739 1774 τε
767 1706 822 1774 καλ
849 1711 970 1788 παῖδας
991 1709 1086 1794 ὑμῶν

64 1815 189 1900 ἐλεῶν,
216 1807 267 1893 οἷς
293 1816 356 1883 οὐκ
382 1814 579 1900 ἐπιτηδείοις
607 1810 683 1882 οὖσι
709 1817 749 1880 τά
775 1819 927 1901 πατέρων
949 1814 1005 1882 καὶ
1027 1816 1084 1882 άν-
1099 1834 1124 1876 1⁶

64 1925 162 2006 δρῶν
184 1921 254 2006 ἣξει
278 1923 470 2008 σφάλματα,
496 1918 552 1987 καὶ
579 1922 640 2007 οὐχ
667 1922 784 2006 ἥκιστα
806 1933 873 1988 τῶν
895 1925 1007 1988 άλλων
1029 1922 1084 1988 καὶ

64 2025 113 2095 δι’
141 2028 241 2113 ὑμᾶς,
269 2024 295 2093 ὦ
318 2030 489 2113 Μηνύκιε,
515 2031 593 2106 τοὺς
617 2028 911 2115 προχειρισθέντας
939 2028 1004 2094 ὑπὸ
1028 2037 1085 2112 τῆς

46 2137 208 2219 ῖπόλεως,
228 2135 308 2226 τάδε
326 2133 559 2221 ἀποκρίνομαν
583 2133 643 2201 έδιν
663 2133 811 2200 ἀποδῶσι
825 2133 977 2219 Ῥωμαῖοι
998 2134 1084 2200 Οὐο-

63 2241 225 2318 λούσκοις
245 2242 357 2328 χώραν
380 2264 414 2307 τε
439 2241 521 2324 όσην
544 2241 666 2317 αὐτοὺς
688 2236 876 2327 ἀφῄρηνται
893 2240 949 2307 καὶ
971 2244 1084 2320 πόλεις

63 2345 150 2423 ὅσας
170 2344 366 2432 κατέχουσιν
385 2346 666 2431 ἀνακαλεσάμενοι
685 2349 762 2423 τοὺς
780 2345 944 2432 ἐποίκους,
966 2351 1082 2433 φιλίαν
1096 2365 1124 2406 ²⁰

63 2475 102 2518 τε
129 2453 333 2536 ποιήσωνται
359 2454 443 2534 πρὸς
470 2451 593 2530 αὐτοὺς
623 2454 671 2529 είς
701 2454 760 2518 τὸν
791 2449 844 2517 ἀεὶ
872 2456 996 2538 χρόνον
1026 2451 1084 2520 καὶ

63 2559 288 2634 ἰσοπολιτείας
323 2559 510 2642 μεταδῶσιν
541 2559 650 2644 ὥσπερ
682 2560 840 2635 Λατίνοις
876 2558 997 2643 ὅρκους
1026 2557 1082 2625 καὶ

62 2662 151 2751 ἀράς
172 2664 254 2729 κατά
275 2674 343 2730 τῶν
364 2667 639 2750 παραβαινόντων
661 2665 702 2730 τά
725 2667 923 2748 συγκείμενα
944 2664 1082 2747 ποιησά-

140 2853 368 2929 δάν<ελ>εἴνΒ
450 2855 536 2927 ῖμὲν
555 2853 606 2911 οὖν
624 2855 676 2912 ΑΟ
715 2855 746 2911 ἓν
764 2854 801 2910 άν
819 2871 843 2911 c.
863 2855 984 2924 Sylburg
1063 2861 1079 2911 8

61 2925 200 2983 domB
280 2921 365 2995 θίγὼ
384 2925 436 2996 μὲν
453 2926 557 2981 Βεὶεῖεε
582 2932 586 2997 Ι
614 2927 646 2983 δὲ
703 2926 769 2981 δ.Β
851 2931 885 2981 10
903 2924 1029 2981 αἰτεῖσθε
1048 2946 1080 2995 γε

61 2995 175 3068 ἀνοχάς
188 2991 235 3051 ἐπὶ
249 2997 447 3067 διαλλαγαῖςΒ
466 2995 593 3054 αἰτεῖσθε
607 3000 662 3053 εἴτε
681 2999 708 3054 ά.
728 2999 782 3053 εἴτε
801 2997 953 3066 διαλλαγὰς
965 2997 991 3051 R
1046 3004 1079 3053 12

61 3067 173 3196 χχότην
194 3068 348 3193 γεὰδίχωμι
368 3067 421 3138 τὴν
437 3068 590 3194 ἓτόκρισιχ
607 3069 711 3125 Reiske
733 3067 952 3194 uncisoinelusit
1046 3072 1078 3122 15

62 3155 135 3274 λεάά
147 3146 297 3285 {mulne
314 3227 338 3268 ο.
355 3140 699 3293 ΚάἀεείιξδιςνΡάοέξειΒῗεΟ.
717 3138 826 3280 ἀξδιδνρ
841 3157 890 3266 ἀάε
909 3213 914 3278 1
948 3139 1080 3265 δ’ἀάιάιιῖάἶ

62 3284 136 3338 δῶσι
160 3280 184 3336 O
212 3281 391 3337 ἀποδώσουσι
403 3283 433 3353 (1)
450 3281 554 3336 Rfflske
577 3283 704 3338 ἀποδῶσι
722 3299 775 3352 ego
884 3289 917 3336 19
941 3281 1079 3344 αότοῖςΑ

62 3360 100 3409 20
120 3348 252 3416 ἀποίκους
269 3353 348 3408 ΑΒα
372 3354 509 3415 ἀποίκους
526 3352 576 3406 Bb
683 3359 716 3408 21
736 3351 904 3422 ποιήσονται
921 3353 970 3407 Aa
994 3351 1079 3420 ποιή-

61 3441 170 3481 σωνται
187 3423 264 3478 AbB
337 3430 371 3479 22
390 3425 577 3494 μεταδιδῶσιν
596 3423 618 3479 0
636 3430 749 3495 praeter
760 3424 787 3479 A
