2424 3848
505 206 670 258 ,Θ-

79 365 330 451 κεκακωμένους
356 371 435 444 τοὺς
458 367 681 444 Οὐιεντανοὺς
706 378 839 453 ταχεῖαν
868 368 972 444 οὐτως
999 367 1091 432 ἀυτε-

79 477 267 559 πιχείρησιν
290 475 371 538 κατὰ
394 484 454 539 τοῦ
472 472 654 539 ἀντιπάλου
672 477 881 557 ποιήσεσθαι.
914 473 996 556 αὐτη
1015 477 1091 560 χρό-

78 605 142 645 νου
166 577 226 664 μὲν
249 583 345 664 μήκει
368 570 504 666 βραχεῖα
527 578 657 662 ἐγένετο
680 580 701 663 ἡ
724 591 791 646 τῶν
812 580 1024 645 Οὐιεντανῶν
1045 582 1126 656 είς8

77 689 139 770 την
158 683 326 770 Ῥωμαίων
355 696 418 770 γῆν
446 686 585 770 ἐμβολή,
612 688 735 769 πλήθει
763 684 800 751 δὲ
824 687 949 772 χώρας,
975 685 1018 768 ἣν
1036 685 1091 750 ε’π-

77 798 203 876 ῆλθον,
231 791 268 856 ἐν
296 803 365 868 τοῖς
391 792 479 856 πάνυ
507 792 647 875 μεγάλη,
674 790 728 856 καλ
756 791 931 877 ἀχθηδόνα
955 794 1018 856 σὺν
1042 795 1091 868 αίή
1118 817 1131 858 ο

78 899 184 983 σχύνη
203 895 374 981 Ῥωμαίοις
401 896 490 981 ἀήθη
514 895 677 983 παρέσχεν
699 899 775 982 ἄχρι
803 895 953 982 Τιβέριός
974 921 1009 962 τε
1031 920 1090 963 πο-

76 1012 184 1086 ταμοῦ
215 1000 271 1067 καὶ
302 1005 402 1084 ὅρους
429 1000 593 1071 Ἰανίκλου
626 1002 743 1067 στάδια
775 1012 833 1087 τῆς
858 1000 983 1087 Ῥώμης
1014 1001 1085 1068 οὐδ’

77 1115 204 1174 εῖκοσιν
236 1107 423 1192 ἀφεστῶτος
454 1107 647 1193 ἀφικομένη.
704 1108 760 1191 [ἡ]
797 1109 995 1174 κωλύσουσα
1026 1110 1090 1193 γὰρ

77 1216 219 1298 δύναμις
249 1212 301 1279 ἐπὶ
329 1219 445 1280 πλεῖον
475 1226 596 1298 χωρεῖν
625 1216 664 1279 τδι
694 1213 834 1298 πολέμια
864 1214 925 1280 οὐκ
954 1210 997 1298 ἦν
1024 1214 1089 1280 ὐπὸ
1172 1299 1174 1304 Ι

77 1323 239 1404 σημαίαις.
278 1323 405 1404 ἐφθασε
430 1330 513 1403 γοῦν
532 1323 569 1386 τὸ
588 1332 654 1386 τῶν
675 1321 887 1386 Οὐιεντανῶν
905 1321 1090 1404 στράτευμα
1105 1347 1130 1386 ιο
1152 1362 1153 1366 =

28 1424 158 1510 ιτεπρλν
177 1425 240 1510 (ἢ)
260 1433 439 1492 συνελθεῖν
462 1450 495 1490 τε
519 1425 574 1491 καὶ
598 1432 797 1512 λοχισθῆναι
817 1429 895 1504 τοὺς
910 1425 1090 1511 Ῥωμαίους
1127 1425 1130 1430 ’
1150 1463 1152 1467 >

76 1533 235 1598 ἀπελθόν.

145 1637 215 1702 XV.
241 1641 475 1723 Συναχθείσης
494 1635 531 1703 δὲ
550 1639 630 1722 μετὰ
649 1648 746 1705 τοῦτο
766 1640 866 1724 <τῆς>
885 1643 1007 1724 βουλῆς
1025 1641 1089 1707 ὑπὸ

76 1756 144 1810 τῶν
163 1744 299 1809 ὑπάτων
317 1743 372 1809 καὶ
391 1742 536 1822 σκέψεως
555 1743 744 1830 γενομένης,
761 1749 836 1811 τίνα
854 1748 914 1832 χρη
933 1753 1090 1831 πολεμεῖν

75 1863 146 1927 τοῖς
171 1850 386 1927 Οὐιεντανοῖς
411 1853 551 1934 τρόπον,
578 1851 598 1934 ἡ
622 1862 746 1918 νικῶσα
769 1847 811 1936 ἦν
834 1854 966 1937 γνώμη,
993 1855 1089 1938 στρολ-
1104 1879 1130 1918 15

76 1981 180 2041 τευμα
204 1959 403 2040 συνεστηκὸς
426 1960 513 2041 ἐχειν
532 1955 585 2022 ἐπὶ
603 1969 672 2035 τοῖς
690 1961 805 2044 ὁρίοις,
829 1959 846 2023 ὃ
866 1960 922 2023 διδι
940 1966 1089 2043 φυλακῆς

76 2062 141 2142 ἔξει
172 2064 234 2146 τὴν
265 2065 376 2148 χώραν
408 2068 606 2148 θυραυλοῦν
639 2062 694 2129 καὶ
726 2063 792 2129 αίεὶ
823 2062 925 2147 μένον
954 2064 991 2130 ἐν
1018 2049 1088 2142 τοῖς

77 2170 199 2246 ὅπλοις.
227 2169 341 2234 ἐλύπει
360 2163 391 2233 δ’
404 2169 526 2246 αὐτοὺς
543 2169 563 2251 ὐ
577 2166 605 2234 τ’
620 2172 668 2247 είς
681 2174 759 2247 τοὺς
772 2172 942 2254 φρουροὺς
956 2171 1086 2254 δαπάνη

75 2276 182 2358 πολλὴ
215 2277 347 2360 σφόδρα
374 2274 530 2359 ἐσομένη,
562 2285 622 2341 τοῦ
649 2299 683 2340 τε
711 2286 828 2340 κοινοῦ
855 2282 1005 2359 ταμιείου
1034 2278 1089 2342 διδ

76 2383 134 2458 τὰς
163 2393 312 2467 συνεχεῖς
341 2370 510 2467 στρατείας
539 2379 789 2466 ἐξαναλωμένου
817 2380 871 2447 καὶ
898 2393 965 2447 τῶν
994 2384 1089 2450 ίδίων
1103 2407 1130 2446 ιο

76 2491 160 2572 βίων
188 2486 414 2572 ἀπειρηκότων
441 2499 512 2565 ταῖς
539 2491 724 2573 εἰσφοραῖς·
757 2488 812 2554 καὶ
840 2491 886 2553 ἔτι
915 2494 1041 2572 μᾶλλον
1068 2491 1088 2574 ἡ

75 2604 142 2658 τῶν
171 2590 490 2678 ἀποσταλησομένων
517 2605 677 2678 φρουρῶν
702 2595 895 2682 καταγραφὴ
919 2599 992 2660 τίνα
1015 2600 1088 2681 τρό-

28 2718 141 2767 ιεοπον
164 2698 206 2764 δν
230 2697 371 2783 γένοιτο,
394 2700 439 2776 ῶς
462 2698 522 2763 οὐκ
541 2698 583 2764 ἀν
603 2698 765 2766 ἑκουσίων
780 2692 821 2784 μέ
838 2724 940 2766 τινων
958 2723 1089 2784 προκει-
1136 2747 1138 2751 .

148 2855 359 2923 λποιήσαοθαι
377 2855 456 2909 ABG
546 2862 562 2910 ὁ
589 2851 620 2910 ἐν
638 2863 700 2919 ταῖς
717 2854 794 2910 πάνυ
814 2858 836 2912 Ο
856 2874 925 2911 corr.
944 2856 1089 2927 Kiessh'ng

75 2933 91 2981 6
111 2923 240 2998 τιβέρεως
258 2925 311 2996 γάρ
330 2946 359 2981 τε
380 2932 402 2978 Α
426 2923 550 2998 τιβέρεός
568 2946 597 2982 τε
616 2926 664 2980 Ba
685 2925 811 3000 τιβέριῶς
830 2948 858 2982 τε
877 2927 925 2982 Bb
998 2933 1013 2980 7
1034 2926 1088 2982 Ἰα-

75 2997 195 3052 νούκλον
214 2998 237 3050 Β
310 3004 326 3053 8
345 2995 505 3067 ἀφικομένη
521 2998 739 3053 ...κωλύσουσα
760 3002 780 3052 Β
799 3001 850 3068 ἀφ.
869 2998 887 3067 η
907 3019 931 3053 κ.
951 2998 976 3051 Α
992 2999 996 3068 Ι
1016 3000 1088 3068 ἀφε-

70 3103 207 3171 στηκότος
224 3104 269 3168 ΑΙ
290 3103 343 3172 γὰρ
362 3103 427 3157 add.
445 3102 493 3156 Bb
560 3111 575 3158 9
596 3100 642 3158 ἐπὶ
661 3106 787 3174 σημείαις
806 3105 829 3159 Ο
849 3101 893 3160 ἐπὶ
913 3089 1047 3174 οημέέαις
1067 3106 1087 3160 C

74 3175 129 3229 ὑπὸ
149 3176 281 3244 σημαίαις
299 3174 399 3229 Portus
456 3181 487 3228 11
508 3174 554 3228 *τι
573 3175 600 3228 λν
619 3179 768 3244 συνελθεῖν
788 3177 810 3230 Ο
826 3175 933 3230 correxi
988 3181 1020 3230 13
1039 3183 1088 3244 τῆς

74 3245 139 3300 add.
160 3245 281 3314 Sylburg
353 3251 387 3299 20
407 3195 619 3315 ἐξαναλωμένου
638 3246 685 3300 Ba
703 3242 927 3316 ἐξαναλουμένου
951 3248 976 3300 R
1052 3252 1087 3300 23

73 3315 266 3386 προκειμένων
286 3316 310 3366 A
328 3318 514 3387 προκείμενον
533 3317 556 3368 Β
573 3315 800 3387 προκαθημένων
819 3334 842 3373 ο.
856 3317 1000 3387 Kiessling
1018 3336 1087 3387 προ-

73 3387 251 3442 κινδυνεύειν
276 3403 300 3441 ο.
320 3386 433 3441 Κδολιλίω
455 3386 566 3442 Philolo
608 3406 620 3441 s
644 3393 678 3442 34
696 3391 789 3458 (1875)
809 3396 859 3444 786
885 3392 889 3458 Ι
914 3392 979 3458 post
1002 3407 1086 3443 τινων

73 3458 138 3512 add.
157 3457 257 3526 ὀλίγων
275 3457 322 3511 vel
341 3453 424 3513 ἐνίων
443 3457 552 3526 Kayser
595 3477 640 3514 nn.
657 3459 727 3528 phil.
744 3465 813 3516 1888
831 3477 858 3529 p.
874 3466 924 3515 817
