2424 3848
563 205 726 254 ..z-
1132 200 1151 265 η

136 368 252 430 πόνον.
302 362 463 428 ἀδύνατοι
494 360 525 428 δ’
557 366 649 440 όντες
681 363 915 427 κυκλώσασθαι
947 364 1025 438 τοὺς
1055 367 1152 427 πολε-

137 474 234 554 μίους
262 470 319 534 διὰ
344 473 581 554 στενοχωρίαν,
607 471 667 534 καί
686 491 717 532 τι
738 465 795 532 καί
817 476 877 532 τοῦ
901 469 1076 552 δαιμονίου
1099 491 1152 534 κε-

137 587 276 661 ραυνοῖς
298 573 353 640 καὶ
375 575 475 641 ὕδασι
496 573 551 641 καί
573 578 730 661 βρονταῖς
750 573 1064 659 συναγωνισαμένου
1082 585 1151 652 τοῖς

129 681 284 764 Ἕλλησι,
307 681 474 757 δείσαντες
495 684 543 758 είς
564 680 677 766 φυγὴν
699 683 882 766 τρέπονται.
928 679 964 746 ἐν
986 682 1088 766 ταύτῃ
1110 683 1186 766 τηδ

138 789 225 874 μάχη
244 788 364 864 πάντες
381 782 443 870 μὲν
462 788 497 852 οί
512 798 578 852 τῶν
592 789 754 870 Κυμαίων
774 786 882 863 ίππεῑς
895 791 1050 872 λαμπρῶς
1063 785 1150 869 ἠγω-
1176 808 1190 850 ο

137 898 292 977 νίσαντο,
322 890 379 958 καὶ
408 902 466 976 τῆς
496 897 590 976 νίκης
622 887 715 957 οὗτοι
747 891 887 976 μάλιστα
916 893 1150 976 ὡμολογοῦντο

138 1005 238 1065 αίτιοι
261 997 430 1083 γενέσθαι,
452 996 536 1083 ὑπὲρ
554 999 701 1074 ἅπαντας
719 994 755 1063 δὲ
774 1001 851 1075 τοὺς
869 1001 991 1075 ἀλλους
1005 994 1150 1084 Ἀριστό-

139 1106 243 1190 δημος
261 1106 279 1171 ὁ
297 1107 458 1181 Μαλακὸς
481 1103 750 1188 ἐπικαλούμενος·
774 1102 828 1169 καί
846 1104 909 1188 γάρ
927 1106 987 1170 τὸν
1003 1104 1149 1190 ἡγεμόνα

136 1223 205 1278 τῶν
226 1215 394 1295 πολεμίων
416 1206 514 1286 οὗτος
536 1209 704 1275 ἀπέκτεινε
727 1212 829 1294 μόνος
851 1210 996 1286 ὑποστὰς
1017 1208 1072 1275 καὶ
1092 1212 1150 1276 ἀλ-

137 1323 217 1394 λους
239 1319 383 1393 πολλοὺς
404 1314 460 1381 καὶ
482 1316 640 1398 ἀγαθούς.
677 1314 838 1391 λυθέντος
861 1312 898 1379 δὲ
919 1325 980 1381 τοῦ
1002 1314 1149 1400 πολέμου
1164 1338 1191 1378 ιο

136 1425 195 1500 τὰς
225 1424 458 1509 χαριστηρίους
488 1425 610 1498 θυσίας
640 1420 819 1498 ἀποδόντες
848 1422 883 1486 ολ
907 1424 1054 1506 Κυμαῖοι
1081 1433 1150 1499 τοῖς

64 1536 231 1606 132οθεολς
252 1525 307 1595 καὶ
330 1528 435 1613 ταφὰς
457 1539 524 1592 τῶν
547 1526 788 1593 ἀποθανόντων
808 1528 917 1612 <τῶν>
941 1527 978 1593 ἐν
1000 1536 1039 1612 τῇ
1062 1530 1149 1615 μάχη

136 1634 287 1721 λαμπρὰς
303 1634 520 1718 ποιησόμενοι
537 1631 614 1718 περὶ
631 1643 698 1698 τῶν
716 1632 903 1718 ἀριστείων,
926 1634 990 1723 ὅτῳ
1009 1635 1071 1721 χρὴ
1088 1637 1148 1701 τὸν

133 1752 268 1827 πρῶτον
295 1739 480 1806 ἀποδοῦναι
508 1737 688 1823 στέφανον,
718 1742 765 1815 είς
792 1739 918 1822 πολλὴν
945 1739 1148 1824 κατέστησαν

134 1850 216 1933 ἔριν.
268 1847 303 1911 οί
329 1843 391 1929 μὲν
419 1847 483 1931 γὰρ
513 1843 660 1930 ἀκέραιοι
688 1843 797 1929 κριταὶ
826 1847 885 1911 τὸν
910 1813 1187 1932 Ἀριστόδημονὲ

134 1953 315 2037 ε’βούλοντο
338 1961 482 2036 τιμῆσαι,
505 1948 560 2017 καὶ
583 1945 625 2034 ἦν
649 1951 666 2018 ὁ
691 1952 793 2035 δῆμος
812 1952 895 2027 ἀπας
914 1949 982 2036 μετ’
1005 1951 1146 2018 ἐκείνου·

132 2060 171 2124 οί
192 2055 230 2124 δέ
248 2054 385 2123 δυνατοὶ
402 2060 461 2123 τὸν
481 2058 646 2143 ίππάρχην
659 2054 907 2142 Ἱππομέδοντα,
929 2055 984 2123 καὶ
1001 2058 1022 2141 ἡ
1040 2060 1146 2143 βουλὴ

132 2174 223 2230 πᾶσα
250 2165 356 2252 τούτῳ
384 2163 646 2248 συνελάμβανεν·
678 2159 721 2246 ἦν
745 2159 775 2227 δ’
800 2162 1050 2249 ἀριστοκρατικὴ
1074 2167 1146 2230 τότε

131 2271 223 2356 παρὰ
241 2281 310 2347 τοῖς
324 2273 488 2354 Κυμαίοις
505 2269 526 2352 ἡ
545 2273 704 2353 πολιτεία,
722 2266 777 2334 καὶ
796 2269 814 2334 ὁ
833 2270 936 2354 δῆμος
954 2269 995 2336 οὐ
1013 2276 1146 2338 πολλῶν

131 2401 236 2442 τινων
264 2378 385 2462 κύριος.
433 2376 576 2452 στάσεως
604 2372 641 2440 δὲ
669 2376 725 2440 διδι
752 2377 874 2459 ταύτην
897 2377 958 2460 την
981 2380 1052 2462 ἔριν
1076 2377 1146 2443 ἄνι-
1160 2399 1187 2440 ιο

132 2482 296 2568 σταμένης
319 2484 487 2558 δείσαντες
510 2483 546 2547 ολ
565 2483 794 2568 πρεσβύτεροι,
817 2483 860 2566 μη
884 2485 966 2568 πρὸς
989 2484 1073 2550 ὅπλα
1091 2483 1146 2551 καί

131 2592 261 2674 φόνους
286 2591 420 2675 χωρήση
443 2591 480 2653 τὸ
504 2592 697 2673 φιλότιμον,
725 2591 858 2654 ἔπεισαν
881 2589 1068 2677 ἀμφοτέρας
1089 2593 1147 2668 τὰς

130 2694 239 2773 τάξεις
262 2704 473 2782 συγχωρῆσαι
491 2696 549 2772 τὰς
568 2701 641 2772 ίσας
659 2699 773 2779 λαβεῖν
791 2696 886 2779 τιμὰς
905 2694 1061 2780 ἑκάτερον
1078 2707 1146 2762 τῶν

131 2802 276 2885 ἀνδρῶν.
326 2802 389 2868 ἀπὸ
418 2803 537 2886 ταύτης
564 2805 690 2884 γίνεται
716 2810 774 2886 της
801 2801 903 2887 ἀρχῆς
930 2803 1038 2885 δήμου
1065 2806 1181 2886 προ-5

131 2907 250 2993 στάτης
273 2908 291 2973 ὁ
311 2909 496 2989 [Μαλακὸς]
513 2904 747 2995 Ἀριστόδημος
769 2905 824 2972 καὶ
847 2911 949 2989 λόγου
972 2912 1144 2975 πολιτικοῦ
1159 2927 1185 2970 ω

131 3015 278 3132 δύναμιν
296 3013 441 3098 ἀσκήσας
459 3012 699 3099 ἐξεδημαγώγει
717 3015 754 3080 τὸ
771 3017 911 3096 πλῆθος,
928 3014 1148 3099 πολιτεύμασί

203 3240 467 3366 λστενοχωρόῖξχιν
450 3241 531 3295 va
587 3240 675 3310 8γὰρ
695 3257 748 3294 om.
767 3239 873 3296 Badd
890 3239 965 3332 cmg
983 3241 1055 3294 etR
1110 3247 1143 3296 10

130 3309 374 3373 καταλυθέντοςο
442 3312 503 3366 iske
568 3318 600 3365 12
619 3313 690 3364 *τῶ
692 3309 827 3364 vaddidi
892 3318 924 3366 16
943 3333 1018 3374 απας
1036 3312 1100 3369 add.
1119 3313 1143 3366 B

129 3381 398 3523 λΗῖΓβΙΙχιλοχκὸὲΙδολ.
416 3382 571 3450 Kiessling,
593 3380 783 3453 Ἀριστόδημος
801 3381 854 3438 del.
875 3381 1047 3452 Grasberger
1064 3382 1143 3437 Τοεε.
