2424 3848
506 177 671 227 -H-
1031 174 1094 238 127

81 335 196 414 ἐλθεῖν
218 333 272 401 ἐπί
294 335 356 418 τὴν
378 332 477 400 θέαν·
505 335 586 401 ὅταν
608 332 639 400 δ’
667 335 704 402 ἐν
726 345 765 422 τῇ
787 339 883 402 πόλει
905 334 1002 423 γένη,
1028 347 1095 404 τῶν

80 442 349 527 ἀναγκαιοτάτων
380 442 456 508 τινά
488 457 542 508 σοι
573 446 683 527 φίλων
712 443 873 510 κέλευσον
904 442 1017 510 ἐλθεῖν
1050 445 1096 522 ὡς

78 553 159 627 τοὺς
178 549 327 626 ὑπάτους
348 547 403 614 καὶ
424 545 468 614 δι’
491 549 689 636 ἀπορρήτων
707 553 823 635 εἰπεῖν,
846 551 898 616 ὅτι
916 549 1094 636 μέλλουσιν

78 656 292 723 ἐπιτίθεσθαι
322 664 362 741 τῇ
393 658 487 721 πόλει
522 656 730 723 Οὐολοῦσκοι
766 659 913 742 νύκτωρ,
949 655 1004 723 καὶ
1041 655 1094 722 ἐπὶ

75 760 177 830 τοῦθ’1
203 763 323 846 ἥκουσι
350 764 387 828 τὸ
414 763 514 847 ἔργον
542 762 673 848 ἀθρόοι.
717 758 756 828 εὑ
783 765 847 849 γάρ
875 769 964 846 ίσθι,
991 763 1038 841 ὡς
1064 765 1095 829 εί
1120 788 1133 828 ι

76 867 165 936 τοῦτ’
199 868 378 935 ἀκούσειαν
413 865 515 934 οὐδὲν
551 871 599 935 ἔτι
631 868 863 947 ἐνδοιάσαντες
894 868 1094 955 ἐκβαλοῦσιν

75 976 162 1060 ὑμᾶς
189 975 226 1041 ἐκ
254 983 314 1058 τῆς
334 978 461 1052 πόλεως
484 973 539 1040 καὶ
561 974 762 1060 παρέξουσιν
785 975 942 1063 ἀφορμὴν
964 978 1093 1053 δικαίας

77 1082 188 1170 ⁶075?ss-

142 1188 205 1253 III.
237 1186 294 1266 Ὡς
320 1185 353 1253 δ’
376 1190 498 1272 ἤκουσε
527 1187 626 1254 ταῦθ’
653 1189 671 1255 ὑ
704 1189 845 1287 Τύλλος,
874 1189 1091 1275 ὑπερηγάσθη

76 1319 111 1361 τε
139 1293 200 1360 καί
225 1297 285 1362 τὸν
310 1298 461 1381 παρόντα
489 1297 606 1379 καιρὸν
634 1305 693 1380 τῆς
727 1298 897 1382 στρατείας
927 1294 1091 1379 ἀναβαλό-
1105 1321 1131 1360 ιο

75 1425 177 1486 μενος
196 1399 272 1488 περὶ
294 1401 355 1485 τὴν
377 1403 590 1487 παρασκευὴν
609 1400 735 1485 ἐγίνετο
754 1409 815 1468 τοῦ
833 1399 989 1486 πολέμου.
1020 1399 1091 1466 ἐπεὶ

75 1504 113 1574 δὺ
134 1513 284 1591 καθῆκεν
307 1508 325 1574 ὑ
348 1519 407 1593 τῆς
428 1507 531 1593 ἀρχῆς
551 1511 677 1594 καιρός,
696 1504 840 1575 Ἰουλίου
857 1509 892 1573 τε
909 1505 965 1574 καλ
983 1512 1091 1572 Πινα-

75 1617 151 1699 ρίου
174 1613 235 1696 τὴν
257 1613 418 1678 ὑπατείαν
436 1615 500 1698 ἤδη
519 1617 782 1700 παρειληφότων,
805 1615 826 1697 ἡ
847 1619 1003 1701 κρατίστη
1022 1626 1090 1680 τῶν

76 1719 301 1786 Οὐολούσκων
322 1723 440 1804 νεότης
467 1720 499 1799 ἐξ
528 1719 655 1804 ἁπάσης
681 1722 822 1804 πόλεως,
849 1721 935 1797 ὑςδ
962 1721 1091 1798 Τύλλος

73 1825 182 1911 ἠξίου,
203 1836 314 1912 παρῆν
337 1825 390 1892 ἐπὶ
412 1827 477 1910 τὴν
492 1838 560 1895 τῶν
579 1826 719 1910 ἀγώνων
736 1824 836 1891 θίαν·
859 1825 915 1893 καλ
933 1831 1088 1912 κατεσκή-
1104 1851 1128 1893 ιι

73 1956 163 1999 νονν
183 1933 220 1998 οί
238 1937 376 2010 πλείους
397 1932 434 1998 ἐν
459 1935 560 2019 ίεροῖς
576 1956 611 1998 τε
629 1931 684 1997 καί
708 1935 880 2017 δημοσίοις
896 1936 1010 2010 τύποις
1028 1934 1089 2000 οὐκ

24 2041 206 2125 δοοέγοντες
227 2041 421 2124 καταγωγὰς
444 2039 481 2105 ἐν
504 2042 624 2116 οἰκίαις
644 2062 679 2104 τε
701 2035 757 2104 καὶ
779 2040 867 2126 παρὰ
891 2038 1007 2122 ξένοις,
1033 2037 1088 2103 καί

73 2145 173 2211 δπύτε
201 2146 257 2210 διά
283 2157 351 2212 τῶν
374 2158 552 2212 στενωπῶν
575 2146 772 2231 πορεύοιντο
794 2147 877 2211 κατὰ
900 2146 1089 2231 συστροφάς

72 2250 128 2316 καί
157 2248 301 2336 ἑταιρίας
327 2251 450 2337 ἀθρόοι
477 2251 665 2338 διεξῄεσαν,
697 2252 780 2316 ὥστε
811 2249 866 2318 καλ
894 2256 996 2334 λόγον
1022 2254 1087 2337 ἤδη

72 2361 230 2440 γίνεσθαι
251 2356 327 2445 περὶ
349 2345 460 2424 αὑτῶν
482 2358 547 2423 ἀνά
569 2359 631 2442 τὴν
652 2360 751 2423 πόλιν
773 2357 828 2424 καὶ
851 2358 995 2439 ὑποψίας
1013 2359 1087 2425 ἀτό-
1101 2384 1127 2423 εο

72 2485 165 2541 πους.
211 2463 248 2529 ἐν
271 2461 309 2529 δέ
331 2466 437 2554 τούτφ
459 2464 674 2550 προσέρχεται
698 2475 768 2541 τοῖς
789 2465 927 2542 ὑπάτοις
949 2465 967 2532 δ
989 2474 1122 2536 κατα-2

73 2568 271 2648 σκευασθελς
297 2571 363 2638 ὑπὸ
390 2580 450 2638 τοῦ
478 2573 608 2637 Τύλλου
636 2573 797 2656 μηνυτής,
825 2572 870 2649 ὣς
892 2572 1087 2658 δΜάρκιος

71 2676 228 2761 ὑπέθετο,
246 2676 301 2743 καὶ
320 2679 366 2755 ὡς
384 2679 425 2762 δὴ
443 2678 632 2765 ἀπόρρητον
650 2676 771 2764 πρᾶξιν
788 2679 870 2743 κατὰ
884 2689 951 2743 τῶν
966 2675 1086 2742 ἑαυτοῦ

71 2789 182 2869 φίλων
201 2783 337 2869 ἐχθροῖς
353 2784 486 2870 μέλλων
501 2783 654 2871 ἐκφέρειν
672 2784 784 2869 ὅρκοις
802 2784 1086 2868 καταλαμβάνεται

69 2895 150 2968 τοὺς
171 2891 319 2968 ὑπάτους
340 2887 425 2978 ὑπὲρ
448 2892 629 2977 ἀσφαλείας
650 2915 685 2957 τε
707 2900 765 2974 τῆς
783 2889 882 2967 αὐτὸς
904 2889 1008 2956 αὑτοῦ
1030 2889 1084 2955 καλ
1099 2909 1125 2950 25

69 3007 134 3064 τοῦ
153 2996 280 3082 μηδένα
305 2998 529 3066 Οὐολούσκων
551 3005 690 3084 μαθεῖν,
717 2996 806 3073 ὅστις
832 2991 875 3080 ἦν
904 2997 921 3063 ὁ
944 2998 1005 3081 τὴν
1024 3001 1084 3082 μή-

67 3121 170 3170 νυσιν
188 3101 258 3169 κατ’
281 3104 392 3169 αὐτῶν
408 3104 636 3189 πεποιημένος.
672 3100 725 3168 καί
743 3104 823 3186 μετά
842 3100 931 3168 τοῦτ’
954 3102 1084 3191 ἐκφέρει

140 3301 157 3351 5
177 3297 215 3358 ὡς
233 3313 287 3352 om.
305 3297 328 3350 B
386 3306 419 3352 12
436 3306 485 3367 τῆς
503 3299 591 3369 ἀρχῆς
608 3294 742 3365 καιρδςΟ
761 3303 810 3364 τῆς
829 3289 926 3366 ἕορτής
939 3317 965 3352 κ.
985 3316 1007 3351 c.
1024 3297 1083 3367 Syl-

64 3368 141 3439 busg
229 3374 261 3422 15
281 3371 517 3439 καταοκηνούνΒ
603 3375 637 3422 25
655 3367 812 3434 ἀσφαλείας
832 3386 863 3421 τε
886 3375 936 3437 τῆς
952 3370 1083 3436 αύτούΑΙ

62 3441 93 3496 ἀ.
112 3459 145 3494 τε
164 3445 214 3507 τῆς
232 3440 316 3503 αὑτὸς
334 3442 421 3496 αὑτοῦ
439 3441 463 3494 Β
536 3447 569 3495 27
590 3434 718 3507 ἐπιφέρει
737 3437 759 3491 0
780 3433 894 3509 ἐκφέρει
911 3439 1014 3494 Reiske
