2424 3848
103 173 146 238 86
528 179 688 228 -ι-

103 341 183 422 μήτε
207 339 442 422 δημοκρατίαν,
466 336 549 402 ἀλλὰ
567 339 628 422 τήν
646 340 763 422 μικτήν
783 336 815 416 ἐξ
836 336 972 404 ἁπασῶν
989 340 1118 406 τούτων

68 445 312 527 3κατάστασιυ,
335 453 432 509 τοῦτο
451 439 534 527 ὑπὲρ
553 445 681 509 ἅπαντα
699 444 784 529 ημᾶς
802 445 973 530 ὠφελήσει.
1011 445 1117 533 ῥᾷστα

32 580 36 588 ’
102 553 165 634 γάρ
201 553 249 627 είς
283 551 397 634 ὕβρεις
432 549 634 633 ἀποσκήπτει
665 548 720 615 καὶ
751 554 958 635 παρανομίας
987 552 1117 617 τούτων

102 657 240 723 ἕκαστον
263 667 331 722 τῶν
348 656 595 739 πολιτευμάτων
615 653 789 722 αὐτὸκαθ’
809 654 907 722 ἑαυτὸ
925 659 1118 743 γινόμενον,

75 764 182 829 εὸταν
215 762 245 829 δ’
277 762 488 848 ἀνακερασθῇ
521 762 627 828 πάντα
660 766 813 849 μετρίως,
843 764 882 843 τὸ
909 774 1118 849 παρακινοῦν

101 868 200 955 μέρος
223 867 365 935 αἰεὶκαὶ
389 868 544 952 ἐκβαῖνον
568 868 604 934 ἐκ
627 877 687 934 τοῦ
711 872 882 953 συνήθους
904 872 1031 954 κόσμου
1050 869 1117 936 ὑπὸ

99 987 160 1042 τοῦ
188 984 446 1061 σωφρονοῦντος
472 976 527 1039 καὶ
554 973 713 1058 μένοντος
741 975 778 1041 ἐν
804 987 874 1052 τοῖς
897 977 995 1052 ἰδίοις
1005 972 1118 1060 ’ήθεσι

100 1087 313 1169 κατείργεται.
345 1085 507 1167 μοναρχία
525 1078 586 1166 μὲν
605 1082 677 1165 ὠμή
696 1081 750 1147 καὶ
769 1082 921 1166 αὐθάδης
934 1089 1118 1166 γενηθεῖσα

100 1187 156 1254 καὶ
179 1189 361 1274 τυραννικά
380 1189 513 1253 διώκειν
532 1186 697 1273 ἀρξαμένη
719 1190 888 1272 ζηλώματα
905 1185 961 1253 ὑπ’
980 1188 1117 1276 ἀνδρῶν

61 1279 224 1393 βοόλίγων
251 1293 306 1360 καὶ
330 1294 469 1377 ἀγαθῶν
492 1295 695 1360 καταλύεται.
741 1294 914 1379 ὀλιγαρχία
937 1292 967 1360 δ’
989 1294 1026 1360 ἐκ
1049 1307 1129 1362 τῶν

100 1401 245 1488 ἀρίστων
260 1401 394 1485 ἀνδρῶν
414 1412 644 1485 συνεστηκυῖα,
663 1394 684 1486 ᾖ
704 1407 830 1487 χρῆσθε
848 1398 904 1465 καὶ
917 1400 1012 1485 ὑμεῖς
1025 1408 1117 1486 νυνί,

100 1508 180 1574 ὅταν
202 1508 335 1594 πλούτῳ
358 1505 413 1572 καὶ
438 1505 594 1592 ἑταιρίαις
617 1506 801 1591 ἐπαρθεῖσα
823 1509 1038 1591 δικαιοσύνης
1060 1509 1117 1575 καὶ

99 1624 157 1699 τῆς
183 1616 285 1697 ἀλλης
312 1613 429 1696 ἀρετῆς
456 1611 587 1697 μηθένα
613 1622 745 1697 ποιῆται
773 1618 891 1697 λόγον,
918 1613 983 1680 ὑπὸ
1007 1616 1160 1700 δήμου14

99 1723 266 1805 φρονίμου
293 1719 496 1784 καταλύεται.
543 1721 646 1803 δήμος
674 1716 711 1784 δέ
739 1731 924 1805 σωφρονῶν
951 1719 1005 1785 καὶ
1033 1724 1117 1788 κατὰ

61 1849 86 1890 16
100 1829 225 1910 νόμους
242 1828 496 1910 πολιτευόμενος
515 1826 594 1892 ὅταν
613 1825 770 1910 ἀκοσμεῖν
784 1826 920 1911 άρξηται
938 1825 994 1891 καὶ
1011 1848 1117 1914 παρα-

99 1942 215 2016 νομεῖν
237 1932 302 1999 ὑπὸ
325 1941 386 1998 τοῦ
409 1935 584 2015 κρατίστου
608 1931 730 2018 ἀνδρὸς
748 1935 806 2018 βία
824 1931 1047 2017 καταληφθεὶς
1066 1936 1116 2000 δι-

59 2046 258 2111 5καιοῦται.
303 2039 385 2123 ὑμῖν
409 2037 453 2123 δ’,
477 2034 503 2103 ὦ
526 2041 649 2123 βουλή,
676 2038 845 2124 μονάρχου
869 2035 930 2122 μὲν
954 2038 1116 2126 ἐξουσίαις,

99 2147 156 2210 ἵνα
182 2147 227 2230 μή
255 2143 413 2232 τυραννὶς
440 2144 590 2230 γίνηται,
617 2145 656 2209 τά
682 2145 808 2211 δυνατά
831 2145 966 2230 εὕρηται
989 2150 1116 2233 βοηθή-

99 2275 191 2335 ματα.
229 2253 291 2318 δύο
313 2275 350 2317 τε
372 2253 435 2338 γάρ
459 2249 535 2317 ἀνθ’
561 2250 634 2328 ἑνὸς
657 2250 888 2330 ἀποδείξαντες
910 2261 967 2335 τῆς
988 2256 1117 2332 πόλεως

61 2384 87 2423 εο
100 2362 238 2442 κυρίους
259 2356 314 2423 καὶ
337 2358 467 2434 τούτοις
486 2359 547 2423 οὐκ
566 2357 722 2445 ἀόριστον
741 2361 865 2445 χρόνον
884 2358 1116 2445 ἐπιτρέψαντες

99 2467 186 2550 ἔχειν
214 2466 275 2549 τήν
299 2463 420 2550 ἀρχήν,
448 2462 521 2530 ἀλλ’
543 2464 713 2530 ἐνιαύσιον
736 2461 837 2531 οὐδὲν
860 2460 960 2549 ήττου
982 2465 1115 2533 ἀποδεί-

98 2594 197 2637 κνυτε
219 2572 370 2656 φύλακας
392 2571 503 2636 αὐτῶν
525 2575 735 2655 τριακοσίους
758 2574 882 2657 ἀνδρας
905 2571 941 2637 ἐκ
963 2585 1031 2638 τῶν
1053 2597 1115 2641 πα-

97 2682 234 2764 τρικίων
261 2680 339 2755 τοὺς
366 2682 560 2763 κρατίστους
583 2702 617 2743 τε
640 2675 696 2743 καὶ
718 2679 979 2763 πρεσβυτάτους,
1007 2679 1041 2758 ἐξ
1066 2676 1114 2747 ὧν

97 2786 157 2869 ήδε
180 2785 200 2869 ἡ
224 2785 330 2869 βουλή
355 2782 567 2868 συνέστηκεν·
598 2785 693 2868 ὑμῶν
716 2783 747 2849 δ’
769 2784 893 2869 αὐτῶν,
917 2786 973 2850 ἵνα
995 2786 1114 2873 μένητε

169 2967 185 3015 2
204 2960 220 2991 *
233 2959 327 3015 πάντα
347 2957 369 3012 0
442 2966 458 3013 3
477 2957 631 3027 ἀποτρέπει
648 2960 671 3013 Β
744 2966 762 3013 4
779 2959 932 3030 γενόμενον
952 2960 1113 3030 Stephanus

99 3040 114 3087 6
133 3031 203 3099 ὑπὲρ
223 3031 298 3085 ABa
317 3029 415 3103 ύπ<ὸ>
433 3031 456 3084 Β
526 3037 540 3084 ῖ
561 3031 641 3086 ἔθεσι
659 3030 803 3100 Kiessling
821 3048 845 3087 ο.
865 3030 1031 3086 dubitanter
1097 3041 1112 3089 8

98 3101 149 3171 μὲν
169 3100 219 3157 οὖν
238 3103 274 3174 μή
295 3101 347 3155 ΑΒ
370 3101 421 3171 μὲν
440 3098 490 3157 οὖν
509 3102 612 3173 ὠμήΙ)
637 3119 705 3156 corr.
725 3101 868 3171 Kiessling
941 3110 974 3156 12
995 3098 1112 3179 ἕτ<αι>-

98 3174 213 3242 ρίαιςΒ
270 3180 302 3228 18
322 3172 521 3247 εύρητ<αι>Β
578 3180 610 3228 19
628 3193 658 3227 τε
677 3173 784 3228 ειάἀ.Β
838 3180 872 3227 21
892 3175 1112 3246 ἀποδείκνυνται

98 3243 122 3298 Ο
150 3245 335 3300 ἀποδείκνυτε
358 3244 462 3299 Reiske
490 3243 580 3318 ᾤεσθε
604 3246 665 3299 δεῖν
688 3244 894 3300 ἀποδεικνύναι
923 3262 945 3299 c.
969 3246 1111 3313 Kiessling

97 3315 185 3369 verba
203 3317 423 3371 ἀποδείκνυνται
441 3348 474 3358 -
493 3317 558 3379 τοὺς
576 3316 624 3370 Ab
644 3316 708 3371 add.
728 3317 758 3370 in
776 3333 840 3386 mge
909 3324 942 3372 23
962 3336 991 3372 τε
1011 3317 1110 3373 add.B

98 3388 397 3510 ειηεηοηεηὴε
