2424 3848
92 189 137 253 30
518 192 678 239 -Ζ-

94 351 240 436 μεγάλην
266 351 364 436 χάριν
391 351 503 434 είδώς,
532 348 661 415 ἐκείνου
690 350 799 415 δοκῶν
826 344 913 415 εἶναι
940 352 977 415 τὸ
1006 347 1108 415 ἐνθύ-

93 482 183 542 μημα
206 466 266 523 τοῦ
289 461 405 541 νόμον.

158 564 279 630 XVIII.
312 566 409 629 Μετὰ
431 573 529 630 τοῦτο
557 561 677 629 πολλαὶ
704 562 761 628 καὶ
787 561 862 648 περὶ
884 568 1018 628 πολλῶν
1041 561 1108 646 ἐγί-
1157 623 1177 643 ,ι

91 694 192 736 νοντο
221 683 289 748 τοῖς
317 671 497 756 δημάρχοις
525 672 607 756 πρὸς
634 672 712 747 τοὺς
738 669 884 746 ὑπάτους
911 669 1108 754 ἀντιλογίαι,

64 775 147 844 ικαὶ
179 775 257 843 οὔθ’
287 776 305 843 ὁ
339 779 443 862 δῆμος
471 776 577 843 ὁπόσα
608 776 629 860 ἡ
657 777 762 860 βουλὴ
795 778 977 861 ψηφίσαιτο
1008 777 1108 860 κύρια

91 884 214 968 ἡγεῖτο,
237 880 313 950 οὔθ’
337 877 385 949 ὧν
408 883 426 949 ὁ
451 885 554 968 δῆμος
574 885 670 968 γνοίη
689 891 728 968 τῇ
746 886 852 967 βουλῇ
875 886 975 967 φίλον
998 904 1030 947 τι
1048 877 1106 967 ἦν·

92 988 445 1077 ἀντιπαρατεταγμένοι
473 987 511 1055 δέ
537 988 593 1055 καλ
616 986 660 1054 δι’
686 989 831 1068 ὑποψίας
853 992 983 1074 ἔχοντες
1005 987 1179 1072 άλλη-1354

91 1102 171 1174 λους
193 1096 373 1163 διετέλουν.
410 1098 450 1163 οὐ
474 1097 539 1181 μὴν
562 1099 600 1162 τό
623 1120 661 1179 γε
684 1108 782 1181 μῖσος
801 1096 912 1162 αὐτῶν
936 1097 983 1173 είς
1006 1097 1106 1180 ἐργον

91 1227 123 1268 τι
150 1203 331 1286 ἀνήκεστον
360 1203 541 1290 ἐχώρησεν,
572 1194 628 1269 οἷα
655 1202 692 1268 ἐν
719 1213 790 1279 ταῖς
818 1203 984 1279 τοιαύταις
1013 1206 1108 1287 φιλεῖ

53 1291 246 1406 1ξγίνεσθαι
268 1322 432 1397 ταραχαῖς.
470 1311 546 1376 οὔτε
565 1311 628 1396 γάρ
647 1310 682 1375 οί
698 1307 834 1395 πένητες
852 1306 905 1374 ε’πλ
923 1309 981 1386 τάς
999 1310 1106 1385 οίκίας

91 1418 249 1502 ὥρμησαν
262 1429 329 1482 τῶν
342 1420 524 1501 πλουσίων,
543 1418 628 1481 ἐνθα
645 1416 881 1500 ὑπελάμβανόν
898 1438 990 1492 τινας
1008 1415 1106 1500 εὑρη-

90 1540 162 1588 σειν
184 1520 401 1606 ἀποκειμένας
422 1522 557 1607 τροφάς,
580 1521 600 1605 ἢ
623 1523 684 1605 τὴν
703 1521 740 1586 έν
758 1532 803 1610 τῷ
821 1530 956 1607 φανεριβ
976 1518 1104 1607 ἀγοράν

90 1628 244 1714 ἁρπάζειν
260 1627 471 1712 ἐπεβάλοντο,
485 1626 556 1692 ἀλλ’
568 1627 790 1711 ὑπομένοντες
804 1628 965 1694 ὠνεῖσθαι
975 1631 1104 1693 πολλοῦ

90 1736 254 1820 διαφόρου
278 1735 389 1819 μικρά,
411 1732 466 1799 καὶ
487 1731 577 1800 ὁπότ’
600 1733 836 1820 ἐξαπορηθεῖεν
859 1732 1023 1820 ἀργυρίου
1044 1734 1105 1810 τάς

53 1864 77 1905 ιτ
91 1839 127 1905 ἐκ
157 1848 216 1923 γῆς
246 1838 336 1925 ῥίζας
366 1862 399 1904 τε
431 1837 486 1904 καὶ
517 1839 660 1924 βοτάνας
692 1841 882 1924 σιτούμενοι
915 1839 1103 1926 ἠνείχοντο·

90 1943 166 2012 οὔθ’
191 1947 226 2011 οί
245 1946 400 2012 πλούσιοι
422 1945 618 2031 βιασάμενοι
636 1949 714 2024 τοὺς
732 1944 993 2032 ἀσθενεστέρους
1010 1954 1050 2031 τῇ
1069 1943 1100 2011 τ’

83 2052 357 2139 ὀἰκείᾳ-δυνάμει
380 2050 435 2118 καὶ
457 2062 496 2138 τῇ
519 2054 609 2136 παρά
631 2063 698 2118 τῶν
720 2058 871 2118 πελατῶν
893 2057 999 2137 πολλῇ
1018 2053 1104 2138 ούση

89 2170 263 2244 κατασχεῖν
291 2157 384 2224 αὐτοὶ
411 2161 473 2243 την
499 2163 598 2225 πόλιν
625 2158 770 2242 ἠξίωσαν
802 2161 880 2237 τοὺς
907 2155 968 2243 μέν
995 2157 1105 2236 ἐξελά-

90 2281 205 2341 σαντες
224 2264 257 2343 έξ
277 2265 388 2349 αὑτῆς,
411 2268 487 2343 τοὺς
506 2264 538 2330 δ’
562 2265 824 2351 ἀποκτείναντες,
846 2264 930 2331 ἀλλά
949 2263 1105 2350 διέμενον

53 2395 75 2436 ιο
89 2372 198 2458 ὥσπερ
218 2372 253 2436 οῖ
269 2364 522 2457 σωφρονέστατα
539 2377 790 2457 πολιτευόμενοι
810 2375 893 2459 πρὸς
910 2375 989 2450 τοὺς
1006 2373 1179 2450 υίοὺςλεσὸ

88 2477 225 2563 πατέρες
259 2477 423 2566 εύνοούση
456 2477 511 2544 καὶ
545 2477 711 2565 κηδομένη
744 2487 783 2565 τῇ
816 2480 899 2564 ἀργῇ
931 2481 1013 2564 πρὸς
1044 2479 1104 2556 τὰς

52 2584 277 2669 3άμαρτάδας
299 2585 410 2650 αὐτῶν
432 2586 604 2670 χρώμενοι.
640 2587 794 2670 τοιαύτης
816 2581 854 2650 δέ
875 2583 1103 2663 καταστάσεως

88 2692 190 2775 ούσης
212 2687 287 2777 περὶ
310 2690 371 2773 τὴν
389 2688 571 2774 Ῥύμηναί
585 2693 809 2776 πλησιόχωροι
827 2693 939 2767 πόλεις
958 2689 1101 2756 ἐκάλουν

87 2801 164 2874 τοὺς
190 2794 418 2882 βουλομένους
445 2798 550 2862 οίκεῖν
576 2798 665 2882 παρά
693 2800 788 2882 σφίσι
811 2794 979 2881 Ῥωμαίων
1007 2801 1102 2862 πολι-

53 2926 74 2967 ιτ
87 2907 173 2981 τείας
200 2927 234 2969 τε
262 2905 436 2988 μεταδόσει
466 2901 522 2968 καὶ
553 2904 663 2968 ἀλλων
691 2905 942 2989 φιλανθρώπων
971 2902 1103 2969 ἐλπίσιν

88 3010 305 3094 ὑπαγόμεναι,
328 3011 366 3075 αί
386 3007 446 3095 μέν
467 3009 531 3075 ἀπὸ
554 3018 614 3076 τοῦ
637 3013 809 3094 βελτίστου
833 3007 877 3074 δι’
904 2991 1040 3075 εύνοίάν
1063 3033 1100 3076 τε

160 3172 175 3219 6
194 3168 289 3235 φίλιον
309 3166 331 3222 Ο
351 3169 435 3236 φίλον
454 3165 542 3221 Cobet
560 3167 625 3222 obs.
644 3186 670 3236 p.
688 3172 738 3220 139
793 3172 809 3220 9
829 3165 984 3235 ἀνήκεστόν
1002 3186 1030 3220 τι
1047 3165 1071 3219 Β
1092 3167 1097 3241 λ

88 3235 146 3308 οἷα]
166 3234 196 3290 οί
211 3235 240 3291 δ’
261 3238 307 3292 Ba
398 3244 430 3292 12
450 3239 552 3292 ἀποκει
566 3281 572 3293 .
588 3236 674 3308 μένας
692 3238 715 3291 Β
739 3239 824 3291 auto
848 3241 897 3291 aut
916 3257 931 3292 ο
949 3235 1007 3293 litt.
1027 3254 1099 3294 θυαε.

89 3313 121 3364 15
140 3309 156 3342 *
174 3307 363 3378 ἀνείχοντοΟ
386 3310 492 3363 correxi
582 3315 615 3364 17
634 3307 703 3379 παρ’
724 3310 817 3364 αὑτῶν
842 3312 929 3379 πολλῇ
947 3308 973 3361 A
1062 3315 1099 3364 20

86 3377 309 3503 τοῖιτενόμενοέ
332 3379 534 3462 παιδευόμενοι
556 3381 621 3443 τοὺς
643 3378 722 3443 νίοὺς
745 3397 768 3437 ο.
786 3379 930 3448 Kiessling
953 3380 1098 3434 ἀντιπολι-

86 3450 231 3521 τευόμενοι
246 3469 269 3506 ο.
305 3466 387 3520 αγεοτ
399 3451 472 3507 Ann.
485 3451 554 3522 ph1l.
567 3458 635 3508 1868
647 3469 675 3521 1).
684 3456 736 3504 813
800 3457 833 3506 25
848 3449 1038 3524 μ<ετ>αδόσει
1048 3450 1096 3505 Bb

101 3568 223 3634 ἢ
