2378 3840
497 189 664 239 ..fl-

64 348 239 434 Ῥοομαίιον
258 346 479 433 ἠδικημένους
492 346 548 415 καὶ
562 346 692 433 μάλιστ’
706 349 818 426 αὐτοῖς
832 346 1093 435 ἀπεχθομένους,

71 459 129 522 ἵνα
157 463 254 540 κοινῇ
281 453 356 540 μεθ’
384 457 479 540 ὑμῶν
506 458 756 542 τιμωρησαίμην
785 456 922 539 αὐτούς,
950 456 1010 540 ὅση
1037 466 1096 539 μοι

72 563 233 647 δύναμις,
256 564 369 645 λόγοις
390 560 434 646 τ’,
457 564 542 629 ἔνθα
565 564 619 628 δεί
639 566 765 647 λόγων,
788 561 852 627 καλΙ
867 565 990 648 ἐργοις,
1014 562 1094 627 όταν

72 673 184 754 ἔργων
212 666 280 755 δέη.
330 670 429 755 χάριν
455 693 491 734 τε
518 671 580 753 την
607 670 754 753 μεγάλην
781 670 905 754 <ὑμῑν>
934 663 1011 734 οἴδα
1038 677 1095 752 της

72 775 111 842 θ’
136 776 307 861 ὑποδοχῆς
333 800 398 861 μου
425 772 482 841 καὶ
504 778 552 841 ἔτι
575 781 702 860 μᾶλλον
724 785 782 859 τῆς
804 785 913 861 τιμῆς,
940 769 962 862 ἦ
984 798 1024 859 με
1047 799 1094 840 τι-
1122 796 1135 835 5

72 893 156 968 μάτε
180 877 286 949 οὐθὲν
305 883 381 947 οὔτε
400 884 702 968 μνησικακήσαντες
720 880 796 948 οὔθ’
814 882 1094 968 ὑπολογισάμενοι

73 984 125 1055 ὧν
151 985 208 1055 ὑπ’
235 986 317 1074 ἐμοῦ
344 991 505 1072 πολεμίου
528 985 607 1054 ποτέ
631 991 728 1066 όντος
751 988 891 1054 ἐπάθετε
913 991 996 1054 κατά
1017 991 1096 1066 τοὺς

70 1093 249 1179 πολέμους.

142 1200 219 1266 Vll.
249 1198 335 1287 Φέρε
359 1202 412 1285 δη,
435 1204 485 1278 τίς
512 1200 555 1265 ἀν
577 1206 650 1285 είην
673 1199 774 1287 ἀνήρ,
796 1201 828 1265 εί
850 1200 949 1284 δόξης
970 1199 1025 1266 καὶ
1048 1224 1095 1265 τι-

72 1319 164 1394 μῶν,
200 1302 249 1372 ὧν
281 1305 432 1393 προσῆκέ
460 1331 518 1390 μοι
549 1309 638 1394 παρά
669 1318 740 1384 τοῖς
771 1305 916 1392 ἐμαυτοῦ
946 1310 1095 1383 πολίταις
1110 1328 1136 1367 10

72 1414 266 1499 τυγχάνειν,
288 1414 377 1499 παρά
396 1424 464 1478 τῶν
483 1408 521 1478 εὖ
540 1417 721 1479 παθόντων
740 1412 991 1499 ἀποστερηθείς,
1013 1405 1097 1499 πρὸς

73 1517 114 1586 δὲ
136 1523 268 1597 τούτοις
289 1520 448 1606 πατρίδος
470 1543 504 1584 τε
527 1518 582 1585 καὶ
605 1526 700 1585 οίκου
723 1518 779 1585 καὶ
802 1524 911 1605 φίλων
929 1518 985 1586 καὶ
1004 1527 1096 1585 θεῶν

73 1625 239 1715 πατρῴων
270 1625 325 1692 καὶ
357 1627 473 1712 τάῳοον
505 1637 715 1712 προγονικῶν
748 1624 804 1691 καὶ
836 1630 960 1703 παντὸς
992 1629 1097 1693 ἀλλου

74 1731 277 1810 ἀπελασθεὶς
299 1733 442 1817 ἀγαθοῦ,
465 1727 542 1818 παρ’
562 1733 643 1817 ὑμῖν
662 1730 692 1797 δ’
711 1734 840 1799 ἅπαντα
858 1731 956 1799 ταῦθ’
975 1734 1096 1821 εὑρών,

75 1830 128 1917 οἷς
150 1839 287 1905 ἐκείνων
310 1840 408 1926 χάριν
431 1837 628 1923 ἐπολέμουν,
651 1842 682 1904 εί
704 1842 748 1924 μη
771 1843 931 1925 γενοίμην
954 1842 1097 1925 χαλεπὸς
1111 1859 1136 1899 1⁵

75 1941 138 2032 μὲν
168 1937 219 2023 οἷς
247 1944 322 2012 ἀντὶ
351 1951 498 2011 πολιτῶν
527 1945 662 2032 ἐχθροίς
691 1943 868 2031 κέχρημαι,
897 1948 1038 2032 χρηστὸς
1061 1941 1091 2010 δ’

76 2043 128 2130 οἷς
154 2051 230 2118 ἀντὶ
257 2055 426 2137 πολεμίων
448 2055 572 2136 φίλοις;
602 2049 674 2116 ἀλλ’
697 2048 793 2134 ἔγωγ’
817 2048 890 2118 οὐδ’
914 2050 950 2116 ε’ν
974 2050 1098 2137 ἀνδρὸς

10 2162 178 2247 ιοιομοίρηι
199 2162 300 2244 θείην
321 2161 376 2243 ἀν,
399 2159 488 2235 ὅστις
505 2159 585 2243 μήτε
603 2159 641 2223 τὸ
661 2162 828 2242 πολεμοῦν
849 2155 892 2222 δι’
911 2158 1012 2243 ὀργῆς
1031 2161 1097 2244 ἔχει

76 2267 156 2351 μήτε
184 2268 222 2331 τὸ
247 2269 352 2344 σῶζον
376 2262 496 2330 ἑαυτὸν
519 2262 563 2329 δι’
589 2264 729 2341 εὐνοίας,
775 2267 917 2350 πατρίδα
939 2263 976 2329 θ’
997 2266 1097 2350 ηγοῦ-

76 2396 135 2457 μαι
154 2371 196 2438 οὐ
214 2374 276 2456 την
295 2369 573 2456 ἀπαρνησαμένην
592 2393 631 2455 με
651 2373 762 2454 πόλιν,
780 2367 853 2436 ἀλλ’
871 2366 910 2454 ἧς
924 2371 1097 2459 ἀλλότριος
1111 2391 1138 2432 ιο

77 2480 126 2543 ὢν
147 2481 285 2562 πολίτης
306 2475 445 2560 γέγονα,
472 2485 536 2560 γῆν
558 2473 587 2541 τ’
610 2476 671 2542 οὐκ
695 2476 731 2542 ἐν
754 2469 776 2563 ᾗ
800 2478 959 2562 ἠδίκημαι
981 2481 1132 2563 φίλην,2

76 2582 148 2650 ἀλλ’
171 2583 211 2650 ἐν
229 2578 251 2670 ᾗ
268 2585 305 2649 τὸ
324 2579 470 2668 ἀσφαλὲς
487 2585 560 2667 ἐχο.
595 2581 650 2648 καὶ
668 2582 710 2648 ἀν
729 2586 809 2659 θεός
826 2607 861 2648 τε
880 2585 1097 2668 συλλαμβάνῃ

76 2689 133 2758 καὶ
154 2693 196 2756 τά
218 2688 359 2776 ὑμέτερα
383 2691 428 2767 ὡς
450 2691 538 2766 είκὸς
559 2692 719 2776 πρόθυμα
742 2715 775 2776 η,
799 2689 945 2774 μεγάλην
968 2688 1023 2754 καλ
1042 2713 1097 2753 τα-

167 2890 184 2938 4
203 2881 317 2952 *χάριν
329 2901 358 2936 τε
377 2881 428 2950 τὴν
447 2881 570 2953 μεγάλην
590 2879 654 2937 οῖδα
668 2882 720 2935 AB
737 2880 822 3006 χάριν
840 2899 870 2934 τε
888 2882 954 2950 ῦμίν
974 2880 1097 2950 μεγάλην

77 2952 143 3010 οἶδα
162 2970 186 3009 c.
206 2953 310 3007 Reiske
329 2953 411 3022 χάριν
429 2972 459 3007 τε
478 2953 529 3023 τὴν
548 2974 574 3024 μ.
595 2953 704 3026 (ὑμῖν)
720 2955 784 3007 οδα
799 2969 851 3021 ego
907 2950 1012 3005 7*ῦπ’
1029 2947 1097 3021 ἐμοῦ

76 3045 146 3081 ποτε
165 3023 288 3097 ὄντ<ες>
308 3019 430 3079 ἐπάθετε
448 3023 501 3077 ΑΒ
520 3023 570 3079 ὑπ’
592 3020 613 3079 ἐ.
633 3043 663 3078 π.
685 3020 785 3093 ἐχθροὶ
805 3023 882 3084 ὄντες
902 3018 923 3077 ἐ.
942 3023 988 3076 vel
1007 3021 1056 3076 ὑπ’
1074 3017 1096 3076 ἐ.

79 3095 120 3151 ἔτι
138 3097 273 3165 πολεμίου
293 3095 373 3157 ὄντος
391 3094 494 3149 Reiske
517 3094 566 3150 ὑπ’
584 3091 652 3165 ἐμοῦ
671 3094 807 3165 πρότερόν
826 3113 857 3163 γε
876 3089 999 3148 ἐπάθετε
1018 3093 1099 3147 dubi-

78 3170 174 3221 tanter
196 3165 342 3236 Kiessling
370 3165 496 3235 scripsit,
524 3165 574 3221 ὑπ’
601 3162 668 3237 ἐμοῦ
693 3168 827 3235 πολεμίου
850 3164 917 3218 ποτὲ
941 3164 1021 3227 ὄντος
1045 3181 1097 3236 ego

81 3244 113 3292 11
127 3237 220 3309 παρὰ]
234 3237 305 3307 πρὸς
320 3254 342 3291 ο.
354 3235 442 3292 Cobet
453 3237 518 3292 Obs.
528 3256 556 3306 p.
569 3245 619 3292 155
634 3236 690 3291 θιιδ
704 3237 777 3289 Prou
824 3242 856 3289 14
871 3237 1043 3298 ἀπελασθεὶς
1053 3235 1099 3290 Ba
1174 3299 1178 3306 Ι

79 3307 281 3382 ἀπελα<θ>ελς
304 3308 350 3361 Bb
377 3311 381 3378 Ι
406 3306 474 3379 παρ’
496 3310 573 3378 ὑμῶν
596 3310 620 3362 Α
695 3313 727 3361 15
752 3305 779 3361 εί
800 3307 866 3361 add.
885 3306 907 3359 B
931 3324 1016 3375 supra
1039 3307 1098 3374 lin„

80 3397 133 3436 om.
157 3379 184 3433 R
209 3385 291 3504 Α318
313 3380 420 3449 θείμην
444 3397 467 3434 ο.
487 3380 577 3434 Cobet
600 3379 666 3433 Obs.
686 3397 713 3448 p.
735 3384 785 3433 156
858 3385 892 3433 23
916 3377 1037 3449 ἡμέτερα
1056 3378 1097 3450 ΑΙ

79 3452 117 3514 ὡς
135 3469 190 3506 om.
