2424 3848
510 221 674 270 -z-
1053 207 1097 286 ει·

76 379 223 464 ἀγνοῶν,
247 379 298 445 ὅτι
317 383 537 466 μεγαλόφρων
556 379 641 466 ἀνὴρ
660 381 721 467 οὐχ
739 382 901 466 ὑπομενεῖ
916 386 1098 471 κατήγορος

76 484 200 553 ἑαυτοῦ
223 489 404 572 γενόμενος
427 486 471 564 ὡς
493 488 689 574 ἡμαρτηκὼς
712 489 833 573 ἀφεσιν
856 494 1021 555 αἰτεῖσθαι
1039 501 1097 575 τῆς
1155 480 1158 486 ’

74 595 248 680 τιμωρίας,
266 590 340 659 οὐδ’
358 595 406 670 είς
421 593 635 679 ὀλοφυρμοὺς
649 592 704 660 καὶ
718 595 846 679 δεήσεις
858 597 1097 680 καταφεύξεται

74 702 165 787 παρά
193 702 254 767 τὸν
282 697 402 767 ἑαυτοῦ
430 703 570 785 τρόπον,
598 693 670 767 ἀλλ’
699 703 773 786 ήτοι
800 700 854 768 καί
880 705 917 768 τὸ
939 704 1096 789 παράπαν

74 806 257 886 ἀπαξιώσει
284 808 346 891 τήν
373 805 571 891 ἀπολογίαν,
598 807 619 892 ή
647 809 707 893 τήν
735 810 882 893 ἔμφυτον
910 809 1095 876 αὐθάδειαν
1121 835 1134 877 ι

74 913 255 1000 φυλάττων
287 909 393 979 οὐθὲν
424 912 659 979 ὑποθωπεύσει
690 917 749 981 τὸν
781 917 889 1000 δῆμον
919 917 1096 1003 μετριάσας

73 1019 152 1107 περὶ
180 1022 260 1096 τούς
287 1022 420 1102 λόγους·
453 1018 533 1103 ὅπερ
561 1017 617 1085 καὶ
645 1018 777 1106 συνέβη.
822 1021 1003 1107 γενομένης
1029 1025 1129 1108 γδρ3

73 1128 216 1212 ήσυχίας
237 1123 293 1192 καὶ
315 1131 439 1210 πολλῆς
461 1124 665 1211 ἐμπεσούσης
688 1126 803 1211 ὀλίγον
828 1129 900 1194 δεῖν
923 1138 1003 1194 πᾶσι
1025 1140 1094 1208 τοῖς

73 1236 268 1319 δημοτικοῖς
289 1236 479 1319 προθυμίας
502 1231 660 1300 ἀπολύειν
683 1233 797 1318 αὐτόν,
820 1236 852 1299 εί
867 1237 928 1301 τὸν
945 1238 1094 1321 παρόντα

72 1340 294 1426 θεραπεύσειε
325 1343 459 1425 καιρόν,
496 1341 653 1424 τοιαύτην
686 1341 873 1407 αὐθάδειαν
905 1340 1092 1420 ἐπεδείξατο
1108 1370 1134 1410 ιο

23 1451 204 1532 ῖεελύγων,
225 1443 280 1511 καὶ
305 1455 466 1511 τοσοῦτον
489 1445 600 1512 αὐτῶν
623 1449 880 1532 κατεφρόνησεν,
904 1448 987 1514 ώστε
1010 1469 1107 1534 παρ-·

71 1555 189 1620 ελθών
219 1553 355 1637 ἔξαρνος
384 1548 445 1636 μὲν
474 1549 558 1635 ὑπὲρ
586 1553 730 1630 οὐθενὸς
757 1548 800 1637 ήν
828 1565 894 1618 τῶν
922 1556 1004 1640 πρὸς
1031 1557 1092 1639 τήν

70 1661 204 1746 βουλήν
231 1657 414 1746 εἰρημένων
441 1660 523 1725 κατά
550 1669 611 1725 τοῦ
638 1661 805 1744 πλήθους,
833 1657 905 1726 οὐδ’
929 1661 974 1738 ώς
997 1685 1092 1746 μετα·
1151 1706 1154 1711 ,

70 1768 249 1852 γινώσκων
272 1763 322 1831 ἐπ’
344 1765 461 1848 αὐτοῖς
479 1767 527 1841 είς
550 1770 680 1842 οἴκτους
701 1763 756 1829 καὶ
774 1769 986 1852 παραιτήσεις
1005 1766 1092 1854 ἐτρέ-

70 1894 164 1939 πετο·
194 1871 299 1958 ἀρχήν
327 1868 357 1936 δ’
385 1859 465 1936 οὐδὲ
493 1871 661 1947 δικασταῖς
688 1871 801 1948 αὐτοῖς
827 1871 922 1956 ἠξίου
945 1879 1090 1958 χρῆσθαι
1105 1902 1131 1943 15

71 1976 150 2065 περὶ
170 1977 310 2056 οὐδενὸς
327 1979 526 2065 πράγματος,
544 1979 590 2054 ώς
607 1977 768 2062 οὐδεμίαν
786 1980 919 2064 ἔχουσιν
936 1976 1090 2056 ἐξουσίαν

70 2088 230 2170 νόμιμον·
259 2086 290 2148 εί
313 2080 349 2149 δὲ
372 2081 574 2169 βουλήσεταί
592 2108 642 2161 τις
664 2083 717 2150 ἐπὶ
739 2095 806 2149 τών
829 2084 964 2150 ὑπάτων
987 2085 1091 2152 αὐτοῦ

71 2201 272 2277 κατηγορεῖν
302 2188 360 2256 εἴτ’
388 2193 496 2277 ἔργων
526 2191 673 2268 εὐθύνας
701 2190 849 2257 ἀπαιτῶν
876 2198 941 2258 εῖτε
969 2195 1090 2278 λόγων,

71 2303 159 2365 ἔνθα
182 2301 285 2383 νόμος
307 2295 397 2363 ἐστὶν
421 2297 550 2383 ἕτοιμος
572 2293 657 2363 είναι
681 2300 779 2383 δίκην
801 2296 944 2384 ὑπέχειν.
989 2311 1125 2385 μορε-4

70 2402 258 2490 ληλνθέναι
286 2400 324 2469 δὲ
350 2406 433 2490 πρὸς
460 2409 537 2482 τοὺς
564 2406 708 2490 δημότας
735 2407 863 2490 ἔλεγεν,
892 2405 1004 2489 ἐπειδὴ
1032 2431 1089 2472 κα-
1103 2435 1130 2474 εο

71 2518 192 2578 λοῦσιν
225 2511 335 2595 αὐτοί,
369 2512 409 2576 τά
440 2508 502 2596 μέν
535 2510 737 2596 ἐπιτιμήσων
768 2523 841 2589 ταῖς
870 2518 1090 2599 παρανομίαις
1181 2587 1187 2602 ⁶

70 2618 184 2684 αὐτῶν
217 2614 272 2682 καὶ
303 2616 522 2701 πλεονεξίαις,
558 2609 610 2695 αἷς
641 2617 822 2705 ἐχρήσαντο
854 2622 932 2703 περί
961 2641 996 2683 τε
1027 2619 1088 2702 τήν

70 2725 256 2791 ἀπόστασιν
274 2721 328 2788 καί
347 2724 427 2808 μετὰ
445 2725 506 2807 τήν
525 2723 688 2790 κάθοδον·
713 2726 752 2790 τὰ
772 2720 809 2789 δέ
828 2724 1088 2808 συμβουλεύσων

70 2831 221 2919 ἐπισχεῖν
247 2832 311 2916 ήδη
339 2827 417 2896 ποτέ
444 2828 499 2895 καὶ
527 2836 696 2897 συστεῖλαι
723 2832 781 2908 τὰς
807 2830 944 2907 ἀδίκους
971 2829 1088 2895 ἐπιθυ-

69 2942 156 3023 μίας.
202 2934 258 3002 καὶ
285 2937 366 3021 μετά
392 2933 482 3001 τοῦτ’
508 2935 710 3022 ἐπιστρεφῶς
736 2936 825 3001 πάνυ
853 2934 908 3001 καί
935 2924 1128 3040 θρασέωςξὁ

70 3043 227 3110 ἁπάντων
246 3042 357 3107 αὐτῶν
374 3045 560 3126 καθήπτετο
578 3040 634 3108 καὶ
652 3043 793 3127 μάλιστα
811 3052 879 3107 τῶν
899 3042 1086 3128 δημάρχων.

26 3160 200 3238 ῖῖῖπροσήν
229 3147 259 3215 δ
287 3147 391 3215 αὐτοῦ
417 3161 487 3226 τοῖς
513 3152 625 3232 λόγοις
652 3149 712 3234 οὐχ
741 3149 786 3225 ὡς
812 3151 951 3215 πολίτου
979 3150 1102 3235 δῆμον,

68 3257 355 3331 ἀναδιδάσκοντος
386 3255 576 3339 εὐλόγιστος
608 3256 725 3339 αἰδώς,
762 3249 835 3319 οὐδ’
873 3254 918 3331 ὡς
949 3256 1085 3323 ἰδιώτου

140 3425 153 3473 1
174 3411 313 3484 ὑπομένει
331 3387 383 3465 AB
452 3420 467 3468 9
487 3412 622 3468 ἀπολύειν
640 3406 664 3465 Β
683 3411 834 3467 ἀπολύσειν
846 3411 876 3465 ,Β
947 3419 980 3468 18
999 3413 1086 3467 ἀπαι-

63 3497 122 3546 τεῖν
143 3488 167 3544 Ο
186 3488 313 3542 ἀπειπών
332 3483 410 3554 Omg
468 3491 501 3540 25
521 3479 696 3554 ἐπιστρέφως
712 3482 764 3538 Ac

887 3573 924 3624 4*
