2424 3848
527 201 689 250 -z..

96 359 246 441 Λάρκιος
271 358 420 436 Φλαύιος
442 361 480 424 τὸ
504 360 671 445 δεύτερον.
717 359 855 445 ταραχαὶ
878 358 918 426 δέ
938 385 1026 439 τινες
1048 358 1117 426 ἐνέ-

96 486 220 530 πιπτον
244 464 281 530 ἐκ
304 465 469 550 δειμάτων
492 468 676 551 δαιμονίων
696 475 735 552 τῇ
754 470 849 533 πόλει
868 471 1000 553 συχναί·
1025 470 1117 548 θύεις

96 595 132 637 τε
162 573 229 657 γάρ
258 572 320 638 οὐκ
348 575 503 638 είωθυῖαι
533 571 711 658 ἐφαίνοντο
740 579 891 658 πολλοῖς,
920 573 976 640 καὶ
1005 573 1116 660 φωναὶ

95 679 262 763 ἠκούοντο
293 678 431 756 οὐδενὸς
461 680 557 757 ὄντος
585 688 646 745 τοῦ
674 679 927 766 φθεγγομένου,
958 686 1060 765 γοναί
1083 679 1111 747 τ’

96 783 291 870 ἀνθρώπων
318 783 373 850 καὶ
400 786 619 870 βοσκημάτων
645 788 732 851 πολὺ
759 785 795 851 ἐκ
821 797 882 852 τοῦ
906 789 1115 873 κατὰφύσιν
1143 809 1156 850 ε

96 889 310 976 ἐκβεβηκυῖαι
333 893 381 968 είς
402 894 440 958 τὸ
461 893 600 958 άπιστόν
619 915 653 958 τε
672 890 727 957 καί
745 895 925 977 τερατῶδες
943 892 1115 980 ἐφέροντο,

95 1000 244 1082 χρησμοί
268 994 296 1061 τ’
322 995 446 1084 ᾔδοντο
470 996 507 1062 ἐν
529 1003 665 1076 πολλοῖς
687 1000 837 1084 χωρίοις,
863 998 918 1065 καὶ
940 1007 1115 1085 θειασμοῖς

95 1103 233 1188 κάτοχοι
262 1115 416 1187 γυναῖκες
446 1104 578 1191 οἰκτράς
606 1103 826 1189 ἐμαντεύοντο
854 1104 909 1170 καὶ
937 1107 1050 1184 δεινάς
1075 1116 1115 1192 τῇ

95 1212 192 1275 πόλει
223 1211 330 1295 τύχας.
376 1210 483 1293 ἥψατο
516 1209 557 1276 δέ
582 1234 632 1288 τις
660 1209 716 1276 καὶ
744 1214 845 1288 νόσος
873 1221 934 1277 τοῦ
963 1211 1150 1295 πληθονς2

95 1316 231 1400 λοιμικὴ
255 1313 310 1382 καὶ
332 1317 460 1402 πολλὴν
484 1315 617 1400 ἐποίησε
638 1319 857 1403 βοσκημάτων
880 1319 1029 1403 φθοράν·
1057 1318 1116 1384 άν-
1130 1342 1156 1381 ιο

94 1423 247 1504 θρύπων
269 1419 382 1507 μέντοι
405 1423 552 1500 θάνατος
575 1422 616 1488 ού
638 1426 743 1500 πολὺς
766 1421 912 1508 ἐγένετο,
939 1422 1011 1491 ἀλλ’
1039 1426 1115 1511 άχρι

94 1530 210 1594 νόσων
237 1530 274 1594 τὸ
303 1529 416 1594 δεινὸν
444 1527 624 1615 ἐχώρησεν·
651 1539 722 1606 τοῖς
743 1525 805 1614 μέν
828 1531 869 1614 δὴ
892 1528 984 1597 ταῦτ’
1009 1530 1115 1597 ἐδόκει

93 1634 180 1700 κατά
203 1639 289 1699 θεοῦ
311 1630 470 1717 γενέσθαι
493 1635 630 1719 γνώμην
652 1647 869 1720 νεμεσῶντος,
892 1637 942 1702 ὅτι
965 1639 1025 1704 τὸν
1042 1639 1115 1724 άρι-

14 1757 184 1810 14ῖεστον
215 1750 282 1804 τῶν
313 1744 461 1806 πολιτῶν
492 1739 655 1824 ἐξήλασαν
686 1749 743 1825 τῆς
773 1744 947 1827 πατρίδος,
982 1756 1051 1821 τοῖς
1080 1741 1110 1809 δ’

94 1841 215 1913 ούθέν
230 1856 297 1910 τῶν
324 1843 511 1930 γινομένων
538 1852 623 1913 θεοῦ
651 1849 766 1933 ἔργον,
796 1846 880 1914 ἀλλὰ
906 1851 1032 1935 τυχηρὰ
1059 1849 1115 1916 καὶ
1130 1874 1155 1915 15

92 1961 200 2018 ταῦτα
223 1949 279 2017 καὶ
300 1945 403 2017 τάλλα
423 1951 530 2017 πάντα
548 1951 741 2039 ἀνθρώπεια
759 1949 846 2019 εἶναι
864 1954 966 2039 πάθη.
1003 1957 1109 2021 ἔπειθ’
1128 1957 1149 2021 3

93 2053 159 2142 ἧκέ
175 2081 224 2135 τις
246 2055 300 2123 ἐπὶ
317 2060 355 2124 τὸ
375 2056 554 2143 συνέδρων
571 2069 629 2143 τῆς
646 2064 771 2145 βουλῆς
788 2060 956 2145 άρρωστος
974 2059 1027 2126 ἐπὶ
1045 2067 1115 2126 κλι·

92 2166 209 2231 νιδίον
227 2167 451 2248 κομιζόμενος,
474 2169 570 2242 Τῖτος
583 2169 741 2243 Λατίνιος
758 2168 875 2251 ὄνομα,
892 2169 1115 2255 πρεσβύτερός

92 2267 123 2336 τ’
157 2269 242 2355 ἀνὴρ
270 2269 324 2335 καὶ
352 2269 467 2347 ούσίας
493 2272 607 2355 ἱκανῆς
633 2273 764 2358 κύριος,
791 2273 976 2359 αὐτουργὸς
999 2270 1036 2339 δέ
1059 2273 1115 2340 καὶ

92 2378 156 2443 τὸν
183 2379 285 2441 πλείω
313 2380 436 2463 χρόνον
463 2387 525 2444 τοῦ
552 2381 630 2462 βίον
654 2381 718 2457 ζῶν
741 2378 778 2444 ἐν
801 2379 901 2467 ἀγρῷ.
947 2376 1045 2458 οὗτος
1066 2384 1114 2460 είς
1127 2407 1154 2448 ω

92 2485 158 2567 τὴν
181 2484 309 2568 βονλην
331 2481 480 2569 ἐνεχθεὶς
503 2486 565 2569 ἔφη
590 2484 684 2564 δόξαι
705 2483 785 2551 καθ’
805 2485 914 2553 ύπνον
937 2486 1114 2554 ἐπιστάντα

93 2593 156 2656 τὸν
178 2591 391 2656 Καπιτώλιον
414 2593 483 2655 Δία
505 2588 614 2674 λέγειν
637 2591 740 2681 αὐτῷ·
764 2591 850 2676 Ἴθι,
876 2597 1030 2678 Λατίνιε,
1057 2593 1114 2660 καὶ

94 2694 172 2780 λέγε
203 2708 273 2773 τοῖς
303 2699 466 2781 πολίταις,
498 2696 549 2762 ὅτι
578 2721 635 2783 μοι
662 2708 720 2783 τῆς
746 2697 865 2764 νεωστὶ
897 2710 1028 2784 πομπης
1054 2701 1113 2766 τὸν

92 2800 285 2887 ἡγούμενον
308 2802 474 2889 ὀρχηστὴν
496 2802 538 2868 ού
560 2806 664 2870 καλὸν
687 2806 832 2889 ἐδωκαν,
854 2802 898 2870 ἵν’
920 2803 1113 2870 ἀναθῶνται

94 2911 154 2988 τὰς
177 2906 292 2995 ἑορτάς
313 2906 370 2974 καὶ
393 2907 426 2986 ἐξ
450 2908 551 2996 ἀρχῆς
574 2908 684 2996 ἑτέρας
707 2909 951 2976 ἐπιτελέσωσιν
984 2909 1025 2975 ού
1047 2911 1111 2997 γάρ
1126 2937 1152 2977 ιε

167 3106 183 3154 5
203 3096 221 3167 ἢ
234 3098 419 3190 βοσκημάτων
433 3099 456 3155 Ο
470 3101 520 3155 καί
534 3101 716 3174 βοσκημάτων
732 3100 854 3157 θίαδειιίε
864 3100 924 3158 Em.
935 3100 1017 3159 Dion.
1028 3102 1068 3155 111
1079 3109 1110 3156 11

96 3177 130 3227 16
153 3169 268 3244 άλλ<α>
289 3213 295 3224 .
312 3214 318 3226 .
334 3215 340 3226 .
358 3180 461 3238 ταῦτα,
483 3188 582 3226 rasura
605 3173 745 3241 sequitur,
768 3171 798 3226 in
817 3189 874 3240 qua
891 3171 940 3226 καὶ
958 3171 1052 3227 πάντα
1069 3173 1111 3227 vi-

95 3242 199 3298 dentur
217 3241 324 3311 scripta
342 3241 437 3308 fuisse,
457 3241 559 3298 deinde
577 3242 671 3299 πάντα
689 3244 749 3298 ἀνθ
768 3244 857 3298 ῶπεια
870 3243 917 3297 Ba
935 3243 1006 3298 ἀλλὰ
1023 3252 1112 3299 ταῦτα

94 3314 190 3368 πάντα
211 3313 258 3367 Bb
282 3313 388 3384 τυχηρὰ
411 3313 460 3368 καὶ
478 3313 553 3384 Cmg
574 3314 624 3369 καλ
641 3314 726 3370 τάλλα
745 3262 820 3385 ὅπως
894 3320 926 3370 18
949 3315 1111 3378 ΛατῖνοςΟ

93 3387 229 3446 Λατίνιος
250 3383 394 3455 Kiessling
465 3391 499 3440 θλ
523 3390 627 3440 Λατῖνε
649 3402 704 3440 τωο.
728 3402 762 3440 ex
784 3389 900 3441 Λατίνιε
922 3385 945 3439 Β
1018 3393 1052 3442 23
1078 3391 1111 3457 τῇ

95 3488 128 3499 ·-
148 3461 246 3526 πομπῇ
267 3457 289 3510 0
309 3462 357 3526 της
376 3487 410 3496 -
428 3463 541 3527 πομπῆς
559 3455 687 3511 ΗστῖῙείο
704 3456 821 3512 Hermes
840 3457 866 3511 X
884 3464 936 3511 41⁵1
