2424 3848
497 179 665 232 -Θ-
1023 179 1089 244 355

74 340 218 426 ἀμοιβὴν
242 337 272 405 δ’
297 339 456 424 οὐδεμίαν
480 339 675 425 ἐκομίσαντο
698 341 787 426 παρά
810 351 877 407 τῶν
895 341 1123 427 πατρικίων,2

73 445 147 514 οὐδ’
170 446 366 530 ἀπήλαυσαν
389 445 527 524 οὐδενὸς
549 459 617 513 τῶν
634 459 759 514 κοινῶν
778 447 927 531 ἀγαθῶν,
950 444 1023 514 ἀλλ’
1044 449 1089 526 ὡς

73 551 206 642 πολέμῳ
231 551 366 629 ἁλόντες
389 552 607 640 ἀφῃρέθησαν
630 551 686 620 ὑπ’
708 555 820 620 αὐτῶν
842 552 897 620 καὶ
918 555 979 639 τὴν
998 553 1088 619 ἐλευ-

73 663 205 745 θερίαν,
228 659 271 743 ἣν
294 657 532 725 ἀνασώσασθαι
555 664 754 746 βουλόμενοι
776 667 968 728 καταλιπεῖν
986 662 1087 746 η’ναγ-

73 766 248 851 κάσθησαν
270 767 333 849 τὴν
355 767 498 852 πατρίδα
520 767 617 854 πόθῳ
640 776 700 851 γης
724 765 850 854 ἑτέρας,
876 767 913 833 ἐν
936 761 957 854 ᾗ
981 771 1018 834 τὸ
1042 770 1086 853 μὴ
1114 784 1128 826 5

72 872 269 957 ὑβρίζεσθαι
293 871 406 949 αὐτοῖς
429 869 619 957 ἐλευθέροις
642 867 740 938 οὖσιν
763 873 914 959 ὑπάρξει·
937 871 993 938 καλ
1012 875 1088 940 ούτε

72 978 268 1063 βιασάμενοι
285 978 348 1062 τὴν
366 978 494 1062 βουλὴν
513 977 588 1043 οὔτε
608 976 740 1067 πολέμῳ
756 981 1089 1065 προσαναγκάσαντες

72 1083 212 1169 εὕροντο
235 1085 297 1167 την
320 1082 380 1149 ἐπῖ
396 1085 436 1148 τά
459 1080 602 1169 σφέτερα
625 1083 788 1168 κάθοδον,
811 1083 948 1172 ἀξιούσῃ
973 1081 1010 1149 δδ
1033 1083 1089 1150 καλ

22 1187 213 1276 Βτοδεομένη
240 1190 285 1257 τὰ,
309 1187 525 1275 ἐκλειφθέντα
548 1186 729 1274 ἀπολαβεῖν
752 1189 898 1268 εἴξαντες
921 1192 1087 1273 [ἐδωκαν].

71 1297 151 1372 τούς
178 1292 214 1361 θ’
242 1295 362 1381 ὅρκους
390 1291 512 1380 διεξῄει
539 1292 595 1359 καὶ
617 1296 675 1373 τάς
697 1298 868 1380 συνθήκας
890 1296 948 1373 τάς
971 1293 1024 1361 ἐπὶ
1047 1279 1128 1392 τηῇ,

72 1404 208 1491 καθόδῳ
230 1399 411 1486 γενομένας
429 1399 631 1467 ἀνεκαλεῖτο·
656 1399 693 1466 ἐν
712 1392 764 1478 αἷς
782 1397 825 1486 ην
843 1400 1007 1485 ἀμνηστία
1025 1398 1087 1486 μέν

71 1518 203 1594 πρῶτον
232 1507 402 1592 ἁπάντων,
431 1504 529 1572 ἔπειτ’
562 1506 696 1584 ἐξουσία
721 1518 791 1585 τοῖς
817 1503 957 1591 πένησιν
985 1506 1087 1594 ἀρχάς

72 1613 324 1699 ἀποδεικνύναι,
354 1615 520 1700 τιμωροὺς
547 1609 612 1697 μέν
636 1611 795 1698 ἐσομένας
822 1615 939 1699 σφίσιν
964 1613 1086 1698 αὐτοῖς,

70 1731 140 1797 τοῖς
163 1717 199 1786 δὲ
217 1721 407 1806 κατισχύειν
426 1717 644 1804 βουλομένοις
662 1718 871 1798 ἀντιπάλους.
903 1719 1122 1798 διεξελθὼν4

71 1825 110 1892 δὲ
136 1836 238 1893 ταῦτα
260 1829 338 1903 τοὺς
360 1828 485 1910 νόμους
507 1824 734 1912 ἐπεδείκνυτο,
763 1826 822 1904 οὓς
845 1827 863 1893 ὁ
887 1827 991 1912 δῆμος
1014 1825 1085 1893 ἐπε·
1100 1847 1126 1888 15

70 1935 222 2020 κύρωσιν
246 1931 287 1997 οὐ
309 1933 374 2017 πρὸ
392 1935 531 2016 πολλοῦ,
553 1934 612 1998 τόν
630 1956 665 1998 τε
683 1930 758 2019 περὶ
777 1943 844 1998 τῶν
863 1933 1086 2019 δικαστηρίων

69 2045 128 2120 τῆς
159 2043 365 2120 μεταγωγῆς,
398 2035 443 2111 ὡς
473 2037 597 2101 ἔδωκεν
628 2035 649 2119 ἡ
681 2037 787 2121 βουλὴ
819 2045 865 2124 τῷ
898 2039 992 2126 δημφ
1024 2040 1085 2122 τὴν

71 2142 227 2222 ἐξουσίαν
248 2144 377 2227 κρίνειν
400 2141 459 2218 οὓς
481 2139 524 2207 ἀν
546 2141 660 2219 αὐτοῖς
683 2142 789 2221 δόξειε
807 2153 875 2208 τῶν
892 2147 1085 2230 πατρικίων,

68 2249 125 2316 καὶ
151 2252 210 2316 τὸν
237 2245 320 2333 ὑπὲρ
347 2255 406 2331 τῆς
432 2251 662 2334 ψηφοφορίας,
690 2247 726 2326 δς
754 2247 815 2314 οὐκ
839 2250 887 2314 ἐτι
909 2251 970 2333 την
994 2253 1084 2337 λοχῖ-

69 2381 123 2423 τιν
147 2356 334 2439 ἐκκλησίαν,
358 2353 441 2421 ἀλλδι
464 2357 526 2438 τὴν
548 2363 721 2441 κουριᾶτιν
744 2354 848 2421 ἐποίει
871 2366 938 2420 τῶν
960 2356 1083 2440 ψήφων
1098 2378 1124 2419 ιο

90 2489 111 2529 υ
135 2468 199 2529 ίαν.

22 2489 89 2639 3le
113 2488 331 2635 <JXXXXVII.
377 2567 571 2645 Διεξελθδιν
606 2565 643 2633 δέ
674 2569 734 2634 τὸν
767 2564 850 2654 ὑπὲρ
882 2576 942 2634 τοῦ
976 2570 1084 2653 δύμον

70 2679 188 2760 λόγον,
217 2675 413 2761 ἐπιστρέψας
430 2670 492 2738 ἐπὶ
519 2676 578 2740 τδν
593 2672 749 2740 Ἄππιον·
788 2672 920 2741 Ἔπειτα
946 2677 988 2740 σὺ
1011 2679 1085 2741 τολ-

69 2791 148 2870 μᾷς,
174 2778 260 2866 εἷπε,
287 2780 517 2866 λοιδορεῖσθαι
542 2780 688 2865 τούτοις,
715 2777 760 2846 δι’
787 2780 846 2858 οὓς
873 2781 998 2866 μεγάλη
1022 2777 1084 2866 μὲν

140 3015 156 3064 2
176 3009 388 3083 ἀπ<ή>λαυσαν
407 3007 453 3062 Bb
508 3013 524 3063 9
544 3001 777 3079 ἐκλ<ει>φθέντα
795 3006 818 3060 Β
838 3009 843 3076 Ι
864 3007 1018 3079 ἀναλαβεῖν
1036 3004 1062 3059 Α
1078 3005 1082 3078 λ

69 3079 180 3136 ἔδωκαν
195 3097 249 3136 om.
260 3080 282 3135 Ο
292 3083 404 3149 praeter
413 3076 520 3148 AOmg
534 3079 564 3133 et
577 3076 765 3133 omittendum
777 3074 842 3131 'esse
855 3092 878 3131 ο.
889 3076 998 3144 Kayser
1010 3076 1083 3132 Ann.

67 3151 138 3222 phil.
155 3155 224 3207 1868
240 3168 268 3220 p.
284 3157 336 3207 806
355 3151 451 3204 censet
506 3155 540 3204 10
560 3147 712 3217 ,ὅρκουςΒ
768 3153 800 3202 12
819 3145 934 3202 πάντων
949 3145 972 3200 Ο
992 3144 1084 3200 ἀπάν-

67 3243 123 3278 των
145 3221 291 3292 Kiessling
381 3226 414 3276 17
438 3220 486 3292 ὡς]
506 3215 528 3293 ᾧ
552 3236 588 3275 sc.
608 3218 684 3292 νόμῳ
707 3219 808 3272 Portus
899 3220 933 3270 19
956 3214 1013 3286 εἶχε
1030 3216 1057 3269 Α

68 3292 109 3350 ἔτι
127 3293 153 3346 R
178 3296 182 3363 Ι
207 3293 324 3364 λοχῖτιν]
344 3290 497 3363 κουριάτην
516 3309 538 3345 ο.
557 3288 661 3345 Reiske
734 3292 768 3341 20
792 3284 942 3356 ἐκκλησίαν
960 3287 987 3341 A
1005 3282 1084 3353 ἐξου-

68 3367 132 3420 σίαν
155 3363 179 3417 Β
204 3366 209 3433 Ι
233 3381 285 3434 pro
309 3371 455 3435 κουριᾶτιν
477 3361 573 3432 potius
597 3358 776 3415 scribendum
800 3375 860 3414 esse
883 3357 1036 3429 φυλετικὴν
1059 3374 1083 3412 ο.

66 3435 171 3490 Reiske

866 3520 922 3574 2³*
