2424 3848
499 190 666 239 -Η-

73 347 259 434 ἀναγκάση·
283 356 328 437 τῷ
347 371 381 413 τε
399 349 559 434 κάμνοντι
579 350 676 428 αὐτὸς
694 353 898 437 παρεβοήθει
916 347 1008 436 μέρει
1026 349 1089 435 ἀεί,

24 452 154 532 λεκτέως
182 453 299 534 ἐξέωσε
330 465 387 540 τῆς
415 456 559 533 στάσεως
585 455 640 522 καὶ
667 457 812 544 θάτερον
835 455 941 543 κέρας.
986 461 1089 536 ψιλω-

70 561 205 628 θέντων
228 559 266 628 δὲ
288 573 356 629 τῶν
379 564 490 649 ἀκρων
514 560 593 629 οὐδὲ
611 565 650 629 τά
669 563 751 648 μέσα
773 563 960 650 παρέμεινε.
997 565 1124 650 φυγηό

72 670 115 754 δὴ
139 680 207 734 τῶν
220 667 383 756 Ἑρνίκων
401 673 437 736 τὸ
457 671 537 754 μετὰ
555 667 644 736 τοῦτ’
667 670 793 755 έγίνετο
813 670 866 736 ἐπὶ
885 673 944 737 τὸν
962 671 1088 757 χάρακα

70 773 296 861 τεταραγμένη
324 800 358 841 τε
385 774 440 841 καὶ
468 778 626 861 ἀκοσμος,
656 775 711 842 καὶ
739 778 774 843 οί
794 776 948 862 Ῥωμαῖοι
976 777 1089 855 αὐτοῖς
1115 800 1129 840 ε

70 886 257 960 κτείνοντες
288 883 510 965 ἠκολούθουν.
564 885 707 968 τοσαύτη
745 881 778 948 δ’
815 887 879 970 ἀρα
914 886 1089 969 προθυμία

69 989 161 1076 παρὰ
188 991 248 1054 τὸν
274 986 343 1054 τότ’
376 988 489 1072 ἀγῶνα
512 998 551 1074 τη
570 988 738 1074 Ῥωμαίων
762 999 898 1077 στρατιᾷ
921 988 1088 1075 ἐνέπεσεν,

71 1095 155 1160 ὥστε
186 1093 325 1160 καὶτοῦ
348 1095 580 1180 χάρακοςτῶν
602 1099 769 1180 πολεμίων
792 1099 977 1183 πειρᾶσθαί
995 1120 1089 1173 τινας

71 1200 257 1286 ἐπιβαίνειν
275 1202 320 1278 ὡς
335 1201 367 1280 ἐξ
383 1201 508 1287 έφόδου
523 1201 796 1288 χειρωσομένους·
817 1197 864 1268 ὧν
879 1203 941 1269 οὐκ
955 1202 1086 1288 ἀσφαλῆ

70 1308 132 1391 την
164 1312 360 1394 προθυμίαν
392 1306 464 1375 οὐδ’
499 1309 537 1375 έν
568 1320 613 1397 τῷ
647 1308 852 1395 συμφέροντι
883 1307 1086 1393 γιγνομένην
1101 1331 1129 1371 ιο

71 1414 161 1499 ὁρῶν
189 1415 207 1481 ὁ
235 1415 374 1501 ὕπατος,
407 1420 581 1501 σημαίνειν
613 1417 771 1494 κελεύσας
797 1417 834 1481 τὸ
866 1415 1086 1499 ἀνακλητικὸν

70 1524 266 1605 κατεβίβασε
294 1525 372 1600 τοὺς
404 1523 504 1606 ὁμόσε
534 1531 725 1608 χωροῦντας
752 1523 893 1599 ἀκοντας
924 1521 988 1587 ἀπὸ
1019 1532 1086 1587 τῶν

69 1625 261 1712 ἐρυμάτων,
289 1630 416 1712 δείσας,
443 1631 487 1712 μὴ
516 1627 548 1706 ἐξ
572 1627 776 1713 ὑπερδεξιῶν
799 1632 998 1713 βαλλόμενοι
1022 1630 1086 1694 σὺν

69 1735 212 1821 αίσχύνη
245 1758 279 1799 τε
311 1732 366 1799 καὶ
395 1735 475 1818 μετά
503 1734 647 1819 μεγάλης
674 1735 799 1820 βλάβης
827 1734 1086 1818 ἀναγκασθῶσιν

68 1841 269 1926 ὑποχωρεῖν,
297 1842 408 1905 ἔπειτα
430 1838 485 1904 καὶ
508 1840 569 1922 την
593 1839 629 1905 έκ
651 1851 710 1925 της
731 1841 893 1928 προτέρας
914 1841 1009 1925 νίκης
1031 1843 1085 1907 εύ-
1100 1863 1127 1904 ιι

67 1950 184 2021 κλειαν
204 1944 400 2032 ἀφανίσωσι.
436 1948 509 2011 τότε
528 1943 590 2031 μὲν
609 1941 672 2013 οὖν
690 1949 754 2033 ἤδη
775 1946 856 2030 [καὶ]
875 1950 938 2032 γάρ
953 1943 995 2031 ἦν
1009 1947 1086 2032 περὶ

70 2052 172 2118 δύσιν
189 2051 300 2135 ἡλίου·
323 2052 494 2138 χαίροντές
514 2076 549 2118 τε
567 2052 622 2118 καὶ
640 2057 867 2133 παιανίζοντες
885 2055 920 2120 οί
931 2051 1085 2137 Ῥωμαῖοι
1100 2111 1116 2125 ,

68 2157 442 2243 κατεστρατοπέδευσαν.

24 2283 67 2333 ι63
134 2263 253 2330 LXVI.
304 2269 350 2350 Τῇ
382 2263 412 2331 δ’
445 2265 583 2350 ε’πιούση
614 2264 710 2331 νυκτὶ
740 2269 850 2353 ψόφος
881 2263 908 2331 τ’
945 2267 1083 2351 ἠκούετο

67 2373 174 2448 πολὺς
192 2370 228 2436 έκ
246 2381 307 2438 τοῦ
325 2373 468 2458 χάρακος
485 2385 553 2438 τῶν
562 2370 723 2458 Ἑρνίκων
737 2371 792 2438 καὶ
810 2376 885 2458 βοή,
903 2372 959 2439 καὶ
977 2376 1084 2439 πολλὰ
1098 2397 1126 2437 κο

68 2474 223 2560 έφαίνετο
257 2475 336 2542 σέλα
372 2478 563 2563 λαμπάδων.
618 2478 819 2562 ἀπογνόντες
850 2479 914 2565 γάρ
946 2482 994 2545 έτι
1026 2480 1084 2545 ἀν-

67 2582 180 2662 θέξειν
213 2580 308 2671 ἑτέρᾳ
342 2584 428 2670 μάχη
460 2589 652 2650 καταλιπεῖν
683 2585 742 2649 τὸν
774 2583 901 2669 χάρακα
933 2587 1084 2668 ἔγνωσαν

68 2688 334 2757 αὐτοκέλευστοι·
357 2688 468 2756 καὶτὸ
489 2700 633 2775 ποιῆσαν
656 2689 766 2756 αὐτῶν
789 2692 851 2774 την
873 2688 1009 2768 ἀταξίαν
1027 2689 1084 2755 καὶ

65 2798 153 2882 βοὴν
181 2793 269 2863 τοῦτ’
296 2791 349 2881 ἦν
395 2797 439 2874 ὡς
466 2799 529 2883 γὰρ
557 2797 688 2863 ἕκαστοι
718 2796 891 2880 δυνάμεως
913 2791 1004 2882 εἶχον
1027 2794 1083 2862 καὶ

68 2904 199 2990 τάχους,
226 2905 369 2988 έφευγον
393 2903 589 2987 ἐπιβοῶντές
611 2901 638 2968 τ’
667 2901 832 2985 ἀλλήλους
858 2901 914 2968 καὶ
942 2903 1082 2986 έπιβοώ-
1096 2923 1124 2966 νε

68 3034 178 3095 μενοι,
205 3020 273 3076 τῶν
296 3009 327 3075 δ’
352 3009 625 3096 ὑπολειπομένων
648 3010 703 3074 διά
726 3008 895 3095 τραύματα
918 3009 938 3094 ἢ
962 3011 1082 3087 νόσους

63 3208 65 3212 A
141 3237 222 3293 Ιάελ
240 3235 366 3300 τέωςΒω
384 3237 433 3291 ἀεί
449 3235 499 3301 ἕως
517 3237 543 3290 R
597 3236 751 3308 2μέροςο
770 3236 854 3307 κε’ροις
874 3237 994 3363 ὃχλόοτρ
1049 3244 1080 3292 11

68 3305 300 3383 ἀν<οικλη>τικὸν
318 3309 341 3361 Β
435 3314 466 3362 13
486 3310 537 3362 σὺν
556 3324 609 3362 om.
628 3309 652 3361 B
740 3316 772 3364 16
791 3308 853 3365 τότε
872 3328 923 3379 μν
942 3305 1004 3362 οὖν·
1025 3307 1080 3377 ἤδη

67 3379 120 3451 γὰρ
140 3397 163 3436 ο.
178 3379 281 3433 Reiske
300 3379 361 3434 τότε
376 3379 427 3449 μὲν
446 3376 497 3433 οὖν
514 3379 570 3447 ἤδη
585 3378 700 3449 καὶγὰρ
716 3380 738 3435 Ο
795 3386 826 3435 17
842 3378 1082 3452 π<αι>οινίζοντες

67 3451 90 3503 Β
163 3457 198 3507 24
217 3459 298 3505 τοῦτο
317 3443 353 3519 ἦν
372 3467 425 3504 om.
445 3449 491 3502 Ba
507 3454 511 3521 Ι
528 3448 604 3520 εἶχον
623 3467 677 3506 om.
696 3450 742 3505 Ba
815 3458 849 3506 25
868 3449 893 3505 τ’
915 3468 969 3505 om.
989 3451 1012 3503 Β
