2424 3848
529 165 696 219 ..0-

106 333 247 406 σκότους
269 324 300 394 δ’
323 326 604 412 ἐπιλαμβάνοντος
622 323 818 413 ἀνεχώρουν
836 327 874 392 αί
889 327 1050 412 δυνάμεις
1070 326 1123 394 ε’πλ

107 439 187 512 τοὺς
216 432 343 499 ἑαυτῶν
372 434 516 520 χάρακας
543 434 620 499 οὔτε
646 445 785 500 νικῶσαι
815 433 892 499 ούτε
919 436 1124 518 λειπόμεναι.

71 544 181 618 4ταϊς
207 539 238 606 δ’
265 538 338 626 ἑξῆς
359 538 496 626 ἡμέραις
518 541 658 627 νεκρούς
679 563 714 606 τε
736 543 815 617 τοὺς
838 537 966 605 ἑαυτῶν
989 539 1125 624 ἐκήδευ-

109 665 173 714 σαν
197 648 233 713 ol
251 647 411 731 ἡγεμόνες
432 645 489 712 καὶ
510 647 655 732 χάρακας
677 645 895 731 ἐξωρύξαντο,
915 643 972 711 καλ
990 649 1125 732 γνώμας

82 756 168 831 ετάς
190 753 290 830 αὐτὰς
312 749 404 839 εἶχον
427 750 587 838 ἑκάτεροι,
610 754 667 818 διά
685 758 835 838 φυλακῆς
852 753 893 818 τδ
911 754 1019 818 οἰκεῖα
1036 756 1124 840 ἔχειν

109 858 165 926 καὶ
187 858 301 944 μηκέτι
323 859 438 946 ἀρχειν
460 858 574 944 μάχης.
613 861 724 924 ἔπειτα
747 862 811 924 σὺν
833 861 943 949 χρόνῳ
965 859 1026 936 τάς
1048 872 1172 944 ann-189¹

110 967 172 1043 νάς
194 966 354 1043 λύσαντες
376 961 508 1049 ἀπὴγον
529 965 588 1041 τὰς
609 965 776 1049 δυνάμεις.

175 1071 261 1137 LVI.
290 1068 345 1136 Ἐν
374 1067 412 1135 δὲ
438 1078 484 1157 τῷ
512 1072 593 1155 μετά
619 1072 759 1148 τούτους
780 1074 859 1148 τοὺς
879 1071 1028 1149 ὑπάτους
1050 1075 1124 1157 ἔτει,

109 1181 193 1245 κατά
226 1181 288 1262 τὴν
322 1176 570 1263 ἑβδομηκοστὴν
603 1175 658 1243 καὶ
687 1178 812 1262 ὀγδόην
841 1177 1048 1264 ὀλυμπιάδα,
1083 1179 1124 1264 ἡν

71 1309 97 1349 10
112 1286 204 1352 ἐνίκα
241 1284 377 1349 στάδιον
413 1286 628 1369 Παρμενίδης
663 1284 935 1370 Ποσειδωνιάτης
962 1283 1124 1373 Ἀθήνησι

110 1395 172 1476 τὴν
195 1391 366 1457 ἐνιαύσιον
388 1388 495 1477 ἀρχὴυ
517 1393 652 1476 ἔχοντος
675 1391 895 1474 Θεαγενίδου,
922 1393 1124 1477 κατεστάθη-

112 1516 174 1564 σαν
192 1497 312 1563 ύπατοι
329 1494 498 1581 Ῥωμαίων
516 1491 628 1574 Αὖλος
648 1496 844 1584 Οὐεργίνιος
861 1485 1125 1582 Καιλιμοντανὸς

111 1603 167 1670 καὶ
190 1607 285 1679 Τῖτος
303 1607 468 1687 Νομίκιος
480 1606 638 1689 Πρίσκος.
670 1605 745 1691 ἀρτι
763 1601 794 1669 δ’
812 1605 923 1669 αὐτῶν
939 1605 1003 1689 τὴν
1021 1604 1124 1692 ἀρχὴν

112 1710 367 1794 παρειληφότων
395 1705 586 1792 ἀγγέλλεται
616 1710 750 1796 στρατιά
774 1708 999 1776 Οὐολούσκων
1021 1711 1125 1794 πολλὴ

73 1834 100 1876 ιι
113 1823 274 1901 παροῦσα.
320 1812 375 1879 καὶ
403 1811 472 1898 μετ’
498 1814 540 1880 οὐ
565 1819 652 1882 πολὺ
680 1827 747 1881 τῶν
774 1820 978 1903 περιπολίων
1005 1841 1039 1882 τι
1062 1830 1125 1884 τῶν

109 1920 298 2005 Ῥωμαϊκῶν
326 1919 359 1999 ἐξ
387 1920 512 2004 ἐφόδου
539 1918 755 2006 καταληφθὲν
782 1919 921 1987 ἐκαίετο·
953 1918 997 2007 ἡν
1026 1922 1056 1988 δ’
1087 1923 1125 1990 ού

115 2029 171 2094 διά
193 2036 322 2113 μακροῦ
344 2035 402 2110 τὴς
414 2024 548 2111 Ῥώμης,
570 2025 626 2092 καὶ
649 2026 667 2093 δ
690 2029 815 2105 καπνὸς
836 2027 976 2110 ἤγγελλε
998 2040 1070 2107 τοῖς
1091 2029 1125 2096 ἐν

79 2137 153 2221 2τὴ
175 2137 270 2201 πόλει
292 2135 330 2198 τὸ
352 2131 470 2209 πάθος.
515 2135 589 2198 τότε
611 2129 673 2218 μὲν
696 2128 759 2200 οὖν
782 2171 825 2180 -
847 2131 903 2199 καὶ
925 2135 990 2222 γάρ
1013 2131 1058 2219 ἡν
1081 2138 1172 2222 ἔτιιειί

113 2239 175 2319 νύξ
202 2277 240 2286 -
267 2240 375 2316 ίππείς
397 2263 490 2317 τινας
512 2239 763 2328 ἀποστείλαντες
786 2238 840 2306 ε’πὶ
861 2243 1075 2326 κατασκοπὴν
1096 2242 1128 2308 ολ

74 2366 100 2406 2⁰
113 2348 234 2413 ὕπατοι
256 2343 312 2410 καὶ
330 2348 481 2430 φυλακάς
497 2348 757 2430 καταστήσαντες
775 2345 828 2412 ἐπὶ
847 2357 916 2424 τοῖς
933 2352 1057 2433 τείχεσι
1074 2345 1126 2414 καλ

115 2451 210 2518 αὐτοὶ
227 2451 403 2537 ταξάμενοι
420 2454 485 2538 πρὸ
504 2464 571 2518 τῶν
589 2458 706 2518 πυλῶν
721 2456 784 2518 σὺν
797 2464 867 2530 τοῖς
880 2453 1125 2538 εὐζωνοτάτοις,

114 2558 302 2645 ἐξεδέχοντο
321 2560 380 2636 τάς
397 2560 486 2646 παρά
504 2570 570 2625 τῶν
586 2558 712 2625 λππίων
727 2557 893 2643 ἀγγελίας·
916 2560 962 2637 ὡς
975 2557 1007 2625 δ’
1024 2560 1126 2647 ἡμέρα

39 2701 41 2707 s
113 2664 141 2732 τ’
165 2663 306 2750 ἐγένετο,
329 2663 384 2730 καὶ
408 2668 632 2752 συνήθροιστο
656 2665 768 2743 αὐτοῖς
790 2665 811 2750 ἡ
834 2666 871 2732 ἐν
894 2675 932 2752 τὴ
955 2670 1053 2734 πόλει
1071 2668 1127 2732 δύ-

185 2935 201 2982 2
226 2922 378 3052 ἕαυτ<ῶνέ
397 2928 444 2982 Bb
469 2932 474 2999 Ι
498 2930 565 2998 post
583 2928 709 2998 χάρακας
727 2943 799 2984 eras.
818 2928 866 2982 καλ
885 2926 909 2980 Β
1013 2935 1031 2983 4
1054 2950 1083 2985 τε
1102 2927 1128 2984 ολ

113 2998 249 3071 ἡγεμόνες
266 3000 332 3062 τοὺς
394 3003 398 3068 Ι
418 3002 484 3070 post
502 2998 628 3070 χάρακας
645 2998 717 3053 haec
735 3001 834 3054 verba:
853 2997 1046 3070 ὑψηλοτέρους
1065 2997 1126 3074 ἐβά-

114 3076 196 3125 λοντο
214 3069 273 3141 (vel
289 3069 417 3141 ἤγειραν)
440 3070 489 3124 καλ
507 3069 633 3141 τάφρους
652 3067 811 3143 βαθυτέρας
829 3069 886 3140 (vel
904 3069 1066 3142 εύρυτὲρας)
1088 3071 1126 3125 in·

115 3141 235 3196 serenda
254 3149 315 3196 εἐεε
334 3143 430 3197 censet
447 3140 576 3196 Hertlein
595 3143 712 3196 Hermes
730 3142 756 3195 X
774 3147 826 3196 418
900 3147 934 3196 10
952 3143 1126 3212 Παρμενίτης

115 3213 138 3267 Β
164 3215 168 3281 Ι
189 3211 324 3284 Ἀθήνησι
342 3212 373 3268 δὲ
394 3212 416 3268 Ο
435 3214 548 3283 praeter
564 3212 595 3265 A·
672 3216 705 3266 12
729 3211 954 3281 ΝομεντανδςΟ
978 3217 1126 3284 Καιλιμον

113 3284 200 3346 ταγὸς
218 3283 350 3339 Gelenius
451 3289 484 3338 13
507 3299 558 3354 pro
577 3284 717 3352 Νομίκιος
735 3282 811 3351 apud
829 3282 999 3353 Diodorum,
1021 3285 1126 3340 Livium

116 3352 244 3477 ἓΙίοεηχιχ
262 3355 421 3477 Ιξινούκιος
439 3357 533 3410 exstat
610 3359 644 3408 15
666 3352 839 3425 περιπόλεων
857 3353 883 3406 A
957 3360 991 3409 16
1016 3351 1045 3423 ἐξ
1064 3351 1126 3425 όφδ

136 3440 205 3476 ονε
247 3469 251 3480 ,
702 3462 729 3470 ..

61 3486 136 3608 ἱ
