2424 3848
507 111 673 161 -H-
1031 105 1096 172 173

62 275 197 359 τρίδος
224 271 285 357 οὐχ
312 271 407 337 ὅσιον
435 270 498 354 ἐγὼ
525 274 670 355 πόλεμον
698 269 936 352 ἐνεστησάμην,
968 269 1096 335 ἅπαντα
1172 336 1181 351 ,

63 390 168 468 χρῆν
197 378 331 445 ἐναντία
357 401 413 462 μοι
439 381 595 460 γίνεσθαι
622 376 662 442 τά
689 377 777 462 παρά
803 382 908 441 θεῶν·
936 374 1033 441 ὁπότε
1062 373 1092 440 δ’

66 487 189 576 οὐρίῳ
211 485 359 571 πνεούσῃ
381 482 540 570 κέχρημαι
562 491 601 569 τῆ
624 480 699 567 περὶ
717 485 795 559 τοὺς
816 480 981 566 πολέμους
1003 483 1097 568 τύχη,

63 591 137 660 οιαὶ
176 593 312 692 ὁπόσοις
349 590 392 656 άν
431 590 636 675 ἐπιβάλωμαι
671 591 840 676 πράγμασι
875 585 947 656 κατ’
989 589 1097 675 ὀρθὸν

69 699 214 766 ὅλπαντά
241 722 299 783 μοι
324 709 439 783 χωρεῖ,
467 699 572 781 δῆλον
599 697 650 762 ὅτι
676 696 815 781 εὐσεβής
842 698 908 779 είμι
935 693 1020 780 ἀνὴρ
1043 691 1138 759 καλε

65 803 219 890 πράξεις
245 801 435 890 προῄρημαι
462 803 572 881 καλάς.
620 806 655 868 τί
675 797 754 885 οὖν,
781 800 840 867 ἐάν
867 801 1133 886 μεταβάλωμαι3

67 909 140 979 καὶ
171 911 213 976 τά
244 906 305 993 μὲν
336 908 478 996 ὑμέτερα
512 907 641 993 αὔξειν,
673 909 713 974 τά
740 904 778 973 δέ
806 909 934 973 τούτων
962 908 1099 973 ταπεινά

75 1028 197 1083 ποιεῖν
226 1019 324 1100 ζητῶ,
351 1019 526 1100 γενήσεταί
550 1039 621 1100 μοις
655 1010 707 1101 ἆρ’
738 1012 814 1099 οὐχὶ
840 1012 1013 1097 τάναντία,
1044 1011 1100 1078 καλ

75 1123 239 1207 πονηράν
260 1120 394 1208 νέμεσιν
417 1122 478 1202 ἔξω
500 1124 589 1208 παρά
611 1132 672 1189 τοῦ
694 1122 870 1204 δαιμονίου
894 1131 965 1197 τοῖς
986 1120 1100 1204 ἠδικη-

82 1227 201 1314 μένοις
217 1232 376 1314 τιμεορόν,
397 1227 453 1296 καὶ
471 1231 581 1315 ὥσπερ
600 1229 636 1295 ἐκ
654 1238 812 1294 ταπεινοῦ
829 1225 930 1312 μέγας
949 1226 1005 1291 διδ
1022 1229 1101 1303 τοὺς
1116 1245 1141 1284 1⁰

84 1339 191 1412 θεοὺς
219 1334 397 1421 ἐγενόμην,
433 1336 538 1414 οὕτως
568 1331 669 1412 αὖθις
701 1334 737 1400 ἐκ
767 1334 913 1420 μεγάλου
948 1335 1101 1411 ταπεινὸς

88 1442 287 1528 γενήσομαι,
316 1439 371 1506 καλ
393 1441 479 1526 τάμά
500 1443 680 1526 παθηματα
701 1442 907 1524 παιδεύματα
929 1441 1101 1523 γενήσεται

90 1558 159 1624 τοῖς
181 1548 309 1626 άλλοις;
334 1546 404 1632 ἐμοὶ
430 1544 491 1632 μέν
509 1558 611 1614 ταῦτα
633 1550 827 1631 παρίσταται
849 1544 925 1633 περὶ
947 1555 1008 1612 τοῦ
1030 1546 1137 1611 δατ-4

92 1657 211 1737 μονίου
238 1665 393 1739 φρονεῖν,
422 1652 478 1720 καλ
500 1658 663 1738 πείθομαί
681 1678 719 1739 γε
742 1655 799 1731 τδις
821 1652 955 1739 ἐρινύας
977 1653 1103 1730 ἐκείνας

91 1760 147 1837 τὰς
175 1761 321 1845 φοβερὰς
346 1759 402 1825 καὶ
428 1759 670 1845 άπαραιτητους
698 1772 767 1837 τοῖς
798 1759 937 1827 ἀνόσιόν
966 1784 999 1825 τι
1030 1761 1102 1824 δια-
1117 1774 1143 1814 1⁵

91 1863 327 1952 πραξαμένοις,
354 1860 403 1932 ὧν
424 1864 545 1933 καὶσὺ
569 1866 754 1953 ἐμνῆσθης,
781 1861 807 1932 ὦ
829 1867 1001 1952 Μηνύκιε,
1029 1867 1102 1931 τότε

38 1978 147 2056 ι(λμοι
169 1975 482 2057 παρακολουθήσειν
503 1974 615 2058 ψυχῆν
637 1971 748 2039 τεκαὶ
771 1984 864 2058 σῶμα
886 1969 1103 2056 αἰκιζομένας,

94 2077 173 2144 ὅταν
191 2077 394 2161 ἐγκαταλίπω
413 2078 469 2145 καλ
490 2081 604 2165 προδῶ
627 2083 706 2157 τοὺς
723 2080 894 2157 σώσαντάς
912 2102 952 2165 με
976 2078 1104 2144 άπολω-

95 2187 173 2250 λύτα
194 2181 254 2268 ὑφ’
274 2185 369 2268 ὑμῶν
391 2183 448 2251 καὶ
470 2186 550 2270 μετά
573 2195 634 2252 τοῦ
656 2191 760 2252 σῶσαι
781 2186 907 2263 πολλάς
925 2184 982 2252 καὶ
1003 2185 1105 2262 καλάς

94 2288 301 2376 προσθέντας
322 2291 522 2377 εὐεργεσίας,
544 2284 594 2370 οἷς
616 2291 776 2376 ἐγγυητάς
798 2294 904 2358 ἔδωκα
924 2293 1038 2377 θεούς,
1061 2292 1105 2370 ὡς
1118 2314 1145 2355 ιο

96 2395 142 2463 ἐπ’
166 2395 282 2464 οὐδενὶ
300 2404 389 2484 κακῷ
412 2397 474 2479 τὴν
492 2396 607 2482 άφιξιν
626 2399 848 2483 ποιησάμενος
868 2395 924 2464 καὶ
947 2397 1105 2484 φυλάξον

94 2503 153 2587 την
177 2505 224 2580 είς
245 2504 321 2568 τόδε
345 2505 468 2589 χρόνου
490 2505 645 2590 καθαράν
669 2501 725 2569 καλ
751 2504 912 2588 άμίαντον
935 2504 1105 2569 συνοῦσάν

95 2613 293 2693 μοιπίστιν.

159 2715 331 2782 XXXIHI.
359 2714 461 2782 Ὅταν
484 2712 522 2783 δὲ
543 2719 664 2802 φίλους
686 2719 735 2781 ἔτι
757 2721 868 2800 καλῆς,
890 2710 917 2781 ὦ
939 2715 1106 2800 Μηνύκιε,

95 2826 171 2901 τοὺς
194 2822 409 2901 ἐξελάσαντάς
431 2847 470 2908 με
492 2821 547 2889 καὶ
569 2823 710 2907 πατρίδα
732 2823 795 2905 την
817 2821 1107 2906 ἀπαρνησαμένην,
1120 2839 1147 2884 νε

96 2931 226 3015 φύσεώς
253 2952 287 2994 τε
314 2931 440 3013 νόμους
466 2928 613 3014 άνακαλῆ
640 2927 695 3001 καὶ
722 2927 798 3013 περὶ
819 2940 887 2994 τῶν
910 2928 1013 2993 ὁσίαν
1036 2929 1107 2992 δια-

167 3164 182 3212 1
203 3158 218 3193 *
233 3156 347 3212 ἅπαντα
366 3151 450 3227 ἐχρῆν
465 3155 488 3211 Ο
505 3153 610 3211 ἅπαντ’
627 3154 663 3210 άν
679 3151 763 3226 ἐχρῆν
782 3172 805 3211 ο.
821 3153 964 3210 Christian
981 3169 1108 3209 convers.

97 3227 202 3295 Germ
227 3230 277 3282 aut
296 3225 400 3282 ἅπαντ’
422 3223 506 3298 ἐχρῆν
525 3230 576 3283 aut
603 3226 716 3282 ἅπαντα
743 3234 814 3296 χρῆν
842 3224 1019 3280 scribendum
1046 3240 1108 3279 esse

97 3315 196 3355 censeo
237 3347 241 3353 .
269 3298 339 3354 ἳτδι
357 3298 463 3354 add.B
528 3305 562 3354 10
580 3297 750 3368 τιμωρῶνΑ
810 3304 843 3352 21
862 3296 1049 3367 ποιησάμενος
1063 3295 1107 3366 Αλ

97 3371 230 3440 φυλάξων
248 3369 313 3426 add.
332 3369 437 3440 ACmg
