2424 3848
533 177 700 230 ..Θ-

110 341 286 428 κράτιστον
305 334 392 405 εἶναι
410 349 481 415 ταῖς
498 340 636 403 πόλεσιν
654 336 766 404 αὐτῶν
783 348 916 425 πρῶτον
935 336 1127 425 ἐπιχειρεῖν,

111 447 193 512 κατά
215 446 347 511 τοιόνδε
370 444 444 510 τινὰ
467 446 641 528 λογισμόν,
663 444 714 510 ὅτι
737 444 976 528 διαλυθήσεται
998 446 1035 510 τὸ
1055 469 1127 511 κοι-

111 553 173 617 τὸν
201 551 311 617 αὐτῶν
334 550 535 636 στράτευμα,
562 550 595 614 εί
615 550 779 616 πύθοιντο
803 548 934 616 ἕκαστοι
956 551 997 615 τά
1020 552 1128 616 οἰκεῖα

112 656 149 723 ἐν
176 666 247 734 τοῖς
274 654 424 742 ἐσχάτοις
452 658 533 721 ὄντα
560 655 747 739 κινδύνοις,
778 654 833 721 καί
859 659 945 723 πολὺ
973 667 1129 741 κρεῖττον

86 762 269 847 εὴγήσεται
289 763 329 828 τά
348 760 490 848 σφέτερα
509 763 636 846 σώζειν,
658 761 678 846 ή
698 763 738 828 τά
756 774 823 829 τῶν
840 766 1007 848 πολεμίων
1025 767 1141 848 φθεί-·

111 892 191 954 ρειν.
237 871 421 954 Λοκρήτιος
447 865 508 953 μὲν
537 863 599 934 οὐν
622 870 670 945 είς
691 870 753 953 τήν
775 871 933 935 Αἰκανῶν
956 868 1128 953 ἐνέβαλεν,

113 975 319 1061 Οὐετούριος
336 972 367 1040 δ’
389 976 436 1052 είς
458 975 519 1058 τήν
544 974 776 1041 Οὐολούσκων.
812 974 955 1043 Αἰκανοὶ
977 972 1038 1060 μὲν
1062 971 1128 1041 οὐν

110 1082 150 1148 τά
175 1079 237 1159 ἐξω
260 1080 366 1145 πάντα
390 1079 602 1164 ἀπολλύμενα
624 1090 842 1167 περιορῶντες
864 1083 926 1166 τήν
948 1084 1047 1148 πόλιν
1070 1080 1127 1147 καί

110 1188 149 1253 τά
172 1187 319 1274 φρούρια
341 1182 432 1273 είχον
454 1185 491 1253 ἐν
513 1192 655 1273 φυλακή.

71 1317 96 1358 10
176 1293 274 1358 LXX.
317 1293 525 1360 Οὐολοῦσκοι
553 1290 582 1358 δ’
610 1293 676 1359 ύπό
703 1316 737 1359 τε
766 1292 917 1380 θράσους
938 1290 994 1360 καὶ
1017 1293 1127 1359 αὐθα-

111 1402 201 1477 δείας
227 1398 453 1484 προαχθέντες
475 1409 536 1466 τοῦ
559 1422 593 1464 τε
611 1396 793 1483 Ῥωμαϊκοῦ
817 1401 1058 1485 στρατεύματος
1080 1401 1127 1479 ὡς

110 1507 173 1572 οὐκ
200 1504 381 1591 ἀξιομάχου
409 1508 506 1583 ὄντος
532 1508 615 1593 πρὸς
637 1508 673 1572 τὸ
698 1504 824 1571 ἑαυτῶν
847 1511 976 1591 πλῆθος
999 1505 1127 1593 συμφέ-

111 1618 231 1700 ρεσθαι
262 1615 573 1698 καταφρονήσαντες
605 1610 749 1696 ἐξῆλθον
779 1611 1021 1696 ἀγωνιούμενοι
1048 1610 1127 1700 περὶ

110 1727 167 1802 τῆς
194 1726 269 1801 γῆς,
299 1715 355 1783 καὶ
380 1719 522 1801 πλησίον
549 1727 610 1783 τοῦ
640 1717 844 1805 Οὐετουρίου
871 1717 1127 1803 κατεστρατοπέ-

71 1845 96 1886 ιε
112 1824 243 1888 δευσαν.
290 1814 345 1888 οἶα
375 1819 413 1889 δὲ
441 1828 534 1909 φιλεῖ
561 1823 699 1908 πάσχειν
727 1826 862 1912 στρατιά
889 1825 1128 1903 νεοσύλλεκτος

111 1932 147 1995 ἔκ
179 1952 213 1995 τε
244 1933 418 1995 πολιτικοῦ
449 1927 505 1995 καί
535 1939 719 2018 γεωργικοῦ
749 1933 832 2018 πρὸς
859 1933 977 2018 καιρὸν
1007 1937 1196 2000 συνελ-1939

109 2039 232 2112 θύντος
255 2037 356 2120 ὄχλου
380 2042 601 2122 συναχθεῖσα,
624 2035 661 2102 ἐν
683 2031 705 2124 ᾖ
728 2041 814 2105 πολὺ
837 2036 952 2104 καὶτὸ
976 2038 1128 2104 ἀνοπλον

110 2135 153 2225 ήν
176 2139 232 2207 καὶ
253 2143 423 2208 κινδύνων
447 2143 596 2229 ἀπειρον,
619 2141 693 2209 οὐδ’
716 2144 763 2221 είς
784 2153 896 2232 χεῖρας
919 2143 1033 2210 ἐλθεῖν
1056 2155 1128 2222 τοῖς

75 2255 97 2318 2
112 2250 282 2332 πολεμίοις
300 2245 499 2336 ἐθάρσησεν·
523 2246 596 2315 ἀλλ’
613 2251 680 2333 ἀμα
698 2258 737 2335 τῇ
751 2251 863 2338 πρώτη
877 2261 945 2317 τῶν
953 2248 1128 2335 Ῥωμαίων

71 2377 98 2417 εο
111 2352 223 2445 ἐφύδφ
252 2354 527 2440 διαταραχθέντες
555 2355 590 2421 οί
613 2354 732 2423 πολλοὶ
754 2354 811 2422 καὶ
834 2353 903 2422 οὐτ’
931 2356 1127 2442 ἀλαλαγμὸν

111 2458 187 2526 οὐθ’
207 2460 319 2526 ὅπλων
337 2462 462 2527 κτύπον
480 2461 713 2547 ἀνασχόμενοι,
730 2463 966 2551 προτροπάδην
981 2465 1128 2548 ἔφευγον

112 2567 158 2644 είς
184 2567 225 2632 τά
252 2570 355 2653 τείχη·
386 2567 469 2632 ὥστε
490 2571 635 2645 πολλοὺς
657 2564 719 2654 μὲν
741 2568 778 2636 ἐν
800 2580 871 2646 ταῖς
893 2572 1129 2655 στενοχωρίαις

110 2683 178 2738 τῶν
197 2673 286 2739 ὁδῶν
305 2670 576 2759 καταληφθέντας
593 2672 792 2759 ἀποθανεῖν,
809 2680 920 2763 πολλῶ
939 2671 976 2740 δὲ
989 2679 1129 2755 πλείους

110 2779 200 2866 παρά
221 2789 292 2856 ταῖς
314 2780 434 2857 πύλαις
457 2777 673 2865 ὠθουμένους
695 2791 762 2847 τῶν
786 2779 911 2847 ίππέων
930 2780 1128 2848 ἐπιδιωκόν-

73 2872 189 2988 gum).
228 2884 437 2951 Οὐολοῦσκοι
459 2880 521 2969 μὲν
545 2880 607 2952 οὖν
630 2887 732 2973 ταύτῃ
754 2887 957 2973 χρησάμενοι
978 2896 1018 2974 τῇ
1043 2905 1128 2975 συμ-

184 3084 197 3131 1
217 3075 351 3146 κράτιστα
365 3075 388 3130 Ο
407 3075 554 3147 κράτιστον
569 3093 591 3131 c.
608 3077 697 3133 Cobet
712 3078 778 3134 obs.
791 3098 818 3148 p.
835 3085 886 3135 185
908 3082 912 3149 Ι
932 3087 1043 3150 πρῶτον
1058 3082 1127 3138 add.

109 3148 132 3202 Β
219 3147 380 3202 θπύθοιτο
404 3147 451 3202 Ba,
535 3153 620 3204 4τοι
644 3169 657 3211 ς
680 3143 826 3222 έσ>χάτοις
843 3151 891 3205 Bb
915 3167 930 3205 e
954 3166 1025 3206 corr,
1111 3161 1127 3209 6

109 3217 267 3288 ἡγήσεσθαι
290 3219 313 3274 Ο
337 3235 406 3273 corr.
430 3217 573 3290 Kiessling
602 3223 606 3290 Ι
635 3241 653 3289 η
672 3219 708 3274 τά
725 3228 781 3275 τῶν
798 3241 827 3278 π.
848 3223 981 3293 φθείρειν
1005 3238 1059 3278 om.
1079 3223 1129 3279 Ba.

110 3296 126 3344 6
146 3290 232 3345 verba
249 3289 317 3345 inde
336 3289 371 3344 ab
391 3287 431 3353 είς
450 3307 540 3358 usque
559 3291 596 3345 ad
614 3291 708 3346 πάντα
727 3309 780 3347 om.
800 3293 847 3347 Βο
910 3299 944 3348 10
967 3313 997 3348 τε
1017 3294 1083 3350 add.
1104 3295 1129 3350 B

111 3366 145 3413 13
163 3359 234 3431 ὑπὲρ
253 3368 301 3430 τῆς
319 3368 369 3430 γης
387 3377 409 3414 ο.
426 3362 548 3416 Reudler
565 3361 655 3418 Τίτου.
675 3363 735 3418 crit.
751 3381 778 3432 p.
794 3369 827 3418 61
900 3370 935 3418 20
953 3364 1129 3437 ἀλαλαγμῶν

110 3429 187 3482 ABb
259 3439 292 3486 21
317 3432 429 3487 κτύπων
448 3431 494 3485 Bb

72 3608 141 3624 u*
