2378 3840
126 167 191 233 160
548 170 715 220 -Η-

125 329 297 414 ἀρχόντων
315 328 371 395 καί
388 329 545 413 ἡγεῖσθαι
561 329 736 414 ἡγεμόνων
749 329 848 393 παισί
861 350 897 393 τε
914 323 970 392 καὶ
988 324 1149 410 ἐγγόνοις

125 433 281 521 μέγιστον
304 437 434 523 αὔχημα
456 441 663 514 καταλιπείν;
685 435 813 501 τούτων
835 431 949 520 μέντοι
971 443 1041 498 τῶν
1062 433 1148 498 ὑπο-

126 541 270 627 σχέσεων
292 542 386 627 ημεϊς
408 539 565 626 ἐγγυηταὶ
586 552 702 608 πασῶν
724 539 824 625 ἐσμεν
846 541 891 618 ὡς
913 539 1031 605 αὐτίκα
1056 539 1148 623 μάλα

90 647 112 713 5
126 645 366 733 γενησομένων.
393 659 459 715 νῦν
477 645 539 734 μὲν
558 649 621 736 γάρ
640 645 715 734 οὐχί
728 652 837 725 καλῶς
849 642 916 733 εἶχε
928 648 1152 730 ψηφίσασθαί

100 772 180 821 ισοι
203 754 265 837 την
283 757 411 840 βουλὴν
429 756 449 840 ἢ
468 757 527 821 τὸν
547 757 654 840 δῆμον
673 750 780 821 οὐθὲν
799 749 936 830 ἐπιεικές
953 752 974 837 ἣ
994 749 1148 838 μέτριον,

126 860 188 937 ἕως
207 859 646 947 ἀντιπαρεστρατοπέδευκας
662 859 743 945 ἡμῖν
759 856 867 925 καὶτὰ
880 862 1050 944 πολεμίων
1064 860 1147 942 ἔργα

127 968 221 1054 δρᾷς·
251 968 283 1032 εί
309 963 339 1031 δ’
367 965 546 1050 ἀποσταίης
571 976 639 1032 τῶν
667 966 795 1050 ὅπλων,
824 964 895 1050 ἥξει
921 981 975 1031 σοι
1002 965 1041 1029 τὸ
1068 962 1147 1050 περὶ

126 1083 184 1158 τῆς
213 1075 365 1140 καθόδου
394 1076 548 1159 ψήφισμα
578 1075 764 1158 φερόμενον
793 1067 850 1157 ὑφ’
881 1070 976 1156 ἡμῶν
1005 1069 1070 1137 οὐκ
1098 1073 1147 1148 είς

127 1179 267 1267 μακράν.

88 1280 118 1348 10'
194 1286 317 1352 XXVI.
336 1284 461 1371 Ἀγαθὰ
484 1281 545 1371 μέν
568 1285 610 1368 δὴ
632 1294 736 1350 ταῦτα
757 1282 895 1368 ὑπάρξει
918 1299 972 1350 σοι
991 1283 1146 1349 διαλλατ-

127 1391 271 1480 τομένιμ,
295 1391 430 1477 μένοντι
453 1388 485 1457 δ’
510 1388 563 1456 ἐπὶ
586 1400 644 1475 τῆς
666 1391 767 1475 ὀργῆς
788 1387 844 1456 καὶ
866 1390 910 1474 μὴ
935 1387 1146 1478 διαλυομένῳ

128 1499 165 1563 τὸ
189 1509 286 1583 μίσος
308 1499 390 1583 πρὸς
411 1497 497 1582 ἡμᾶς
519 1498 626 1563 πολλά
645 1495 701 1562 καλ
718 1496 854 1582 χαλεπά,
877 1494 910 1574 ἐξ
930 1489 977 1560 ὧν
997 1493 1063 1578 ἐγὼ
1083 1496 1146 1561 δύο

128 1603 168 1667 τά
198 1600 335 1688 μέγιστα
363 1601 442 1669 νυνὶ
471 1601 527 1669 καὶ
557 1604 771 1688 φανερώτατα
802 1601 875 1687 ἐρῶ.
919 1610 1054 1687 πρῶτον
1083 1597 1188 1686 μένεα

129 1708 179 1773 ότι
199 1709 366 1774 δυσκόλου
384 1706 554 1792 γενέσθαι,
572 1714 699 1794 μᾶλλον
718 1707 749 1774 δ’
769 1707 937 1774 ἀδυνάτου
954 1707 1149 1795 πράγματος

89 1833 115 1875 ιι
128 1813 276 1896 πονηρὸν
305 1817 406 1899 ἔρωτα
433 1817 533 1900 ἔχεις,
560 1818 688 1893 πόλεως
714 1824 772 1900 τῆς
793 1811 961 1900 Ῥωμαίων
987 1818 1150 1880 καθελεῖν

128 1920 190 2003 την
218 1921 315 2004 ίσχὺν
338 1919 392 1986 καί
415 1932 518 1987 ταῦτα
540 1933 610 1998 τοϊς
634 1922 857 1988 Οὐολούσκων
879 1920 1006 1997 ὅπλοις·
1033 1915 1144 1986 ἔπειθ’

130 2026 180 2091 ότι
208 2041 261 2091 σοι
288 2028 544 2112 κατορθώσαντί
567 2049 602 2093 τε
629 2023 685 2092 καί
708 2028 751 2112 δὴ
773 2029 908 2113 τυχόντι
929 2026 1065 2091 πάντων
1088 2023 1149 2091 ἀν-

128 2133 276 2216 θρώπων
298 2131 436 2217 ὑπάρξει
459 2131 708 2221 δυστυχεστάτῳ
730 2134 933 2216 νομίζεσθαι.
979 2130 1012 2209 ἐξ
1036 2124 1085 2196 ὧν
1108 2127 1150 2196 δὲ

129 2247 232 2303 ταῦτα
258 2241 457 2323 παρίσταταί
480 2261 537 2324 μοι
563 2236 639 2323 περὶ
662 2246 723 2304 σοῦ
746 2247 902 2323 φρονεῖν,
928 2237 1092 2322 ἀκουσον,
1119 2232 1148 2302 ὦ

90 2365 117 2405 20
129 2343 277 2429 Μάρκιε,
304 2340 413 2428 μηθέν
439 2346 522 2431 πρὸς
549 2346 610 2429 την
638 2342 834 2430 ἐλευθερίαν
857 2367 923 2429 μου
944 2353 1011 2408 τῶν
1033 2346 1149 2427 λόγων

95 2451 382 2535 2τραχυνόμενος.
424 2454 538 2517 σκόπει
561 2447 599 2516 δὲ
621 2461 754 2535 πρῶτον
777 2446 860 2535 ὑπὲρ
883 2458 944 2515 τοῦ
966 2448 1149 2514 ἀδυνάτου.

126 2553 311 2641 Ῥωμαίοις,
340 2557 385 2634 ὡς
414 2553 516 2624 οίσθα
543 2555 598 2623 καὶ
626 2558 683 2641 σύ,
712 2556 818 2640 πολλὴ
846 2553 907 2641 μέν
935 2553 1004 2621 ἐστι
1030 2558 1150 2640 νεότης

131 2662 313 2749 ἐπιχώριος,
336 2658 375 2748 ἧς
397 2665 429 2729 εί
445 2667 483 2731 τὸ
502 2664 676 2743 στασιάζον
695 2662 892 2747 ἐξαιρεθείη·
916 2662 1090 2745 γενήσεται
1108 2658 1150 2728 δέ

130 2778 229 2836 τοῦτο
252 2770 334 2835 κατά
356 2771 484 2854 πολλὴν
507 2769 656 2855 ἀνάγκην
677 2767 757 2836 νυνί
780 2768 835 2834 διά
857 2769 955 2834 τόνδε
972 2770 1032 2834 τὸν
1049 2771 1151 2834 πόλε·

91 2898 117 2939 25
131 2899 212 2960 μον,
238 2876 346 2942 πάντα
373 2877 435 2961 γάρ
462 2876 528 2942 ὑπὸ
554 2874 652 2953 δέους
673 2884 790 2941 κοινοῦ
813 2876 1035 2940 συνίστασθαι
1056 2879 1153 2960 φιλεῖ

131 2982 171 3046 τά
202 2983 360 3067 διάφορα·
392 2982 453 3067 οὐχ
484 2981 536 3046 ὅτι
565 2982 771 3047 Οὐολοῦσκοι
801 2982 1041 3065 κρατήσουσιν,
1070 2977 1145 3047 ἀλλ’

134 3085 214 3154 οὐδὲ
236 3090 318 3155 άλλο
341 3098 408 3154 τῶν
430 3088 512 3153 κατά
530 3087 591 3170 την
606 3084 748 3152 Ἰταλίαν
768 3084 879 3152 ἐθνῶν
898 3084 1017 3153 οὐθέν·
1040 3089 1188 3173 πολλὴΙσι

207 3285 222 3334 ’ί
243 3276 327 3350 ἔδρας
345 3296 368 3335 υ.
388 3278 491 3333 Reiske
597 3285 629 3334 17
648 3277 717 3348 *μὴ
741 3277 854 3346 τυχόντι
870 3277 950 3332 ABG
969 3293 1042 3346 quae
1060 3278 1151 3334 verba

135 3347 165 3401 in
179 3350 289 3404 textum
303 3349 448 3420 Kiessling
462 3352 491 3405 et
504 3349 578 3405 Pr0u
590 3351 758 3419 receperunt
772 3347 931 3419 ἐπιτυχόντι
943 3348 969 3401 D
984 3348 1020 3418 δὴ
1035 3348 1152 3420 τυχόντι

136 3435 188 3488 ego
263 3427 298 3476 25
317 3418 512 3476 καθίστασθαι
530 3438 553 3477 ο.
572 3420 731 3491 Stephanus
