2424 3848
538 225 706 275 -H-
1064 222 1128 287 187

119 386 216 470 σύνης
248 382 406 470 οὐδεμιᾶς
432 387 494 470 την
523 388 715 451 τελευταίαν
745 388 970 471 πορευόμενος
1002 383 1039 450 έκ
1071 393 1128 470 τῆς

117 492 217 569 οίκίας
240 492 339 571 δδόν;
459 486 462 489 ’

178 597 345 664 XXXXII.
381 596 465 664 Ἀλλ’
488 600 520 665 εί
540 597 595 664 καί
617 600 738 665 τούτου
758 601 872 665 δεῖσθε
892 599 997 684 ὑμεῖς,
1020 593 1046 663 ὦ
1070 623 1129 682 γυ-

113 716 238 790 ναῖκες,
265 703 320 771 καὶ
345 706 477 783 πάντας
503 705 617 772 θέλετε
646 705 897 792 ἀσχημονούσας
923 705 1008 790 ἡμᾶς
1032 706 1129 790 ίδείν,

112 811 293 897 ὑπολάβετε
311 823 465 898 παρεῖναι
483 814 565 895 πρὸς
588 813 690 879 αὑτὸν
712 808 795 896 κάμέ
817 810 872 877 καὶ
892 811 1128 898 Οὐολουμνίαν
1155 831 1168 876 ο

46 917 258 1004 ὶῦεάγούσας
284 919 337 1013 τδι
351 921 480 985 παιδία
507 923 600 996 τίνας
628 917 693 1002 έρῶ
719 928 852 1004 πρῶτον
879 919 899 1003 η
929 920 1035 1004 μήτηρ
1063 917 1127 1002 ἐγὼ

111 1027 193 1111 πρὸς
225 1025 328 1092 αὑτὸν
361 1029 497 1110 λόγους,
528 1023 584 1090 καὶ
613 1028 688 1091 τίνα
720 1024 835 1110 δέησιν
861 1027 1041 1110 ποιήσομαι
1068 1036 1128 1091 τοῦ

111 1133 203 1212 υἱούς
235 1128 344 1215 λέγετε
372 1130 428 1198 καὶ
456 1129 630 1198 διδάσκετέ
650 1155 699 1217 με.
745 1134 927 1217 φείσασθαι
948 1135 1128 1217 παρακαλῶ

111 1250 177 1305 τῶν
205 1235 326 1304 ἑαυτοῦ
355 1242 517 1323 πολιτῶν,
544 1236 601 1324 ὑφ’
630 1232 678 1304 ὧν
701 1241 738 1304 ἐκ
759 1247 817 1322 τῆς
838 1239 997 1323 πατρίδος
1019 1234 1127 1321 ἐξελή-

112 1350 207 1411 λαται
228 1342 284 1410 καὶ
307 1341 416 1430 μηθὲν
439 1343 579 1425 ἀδικῶν;
607 1346 800 1430 οίκτίρμονα
828 1341 865 1410 δὲ
888 1342 942 1410 καὶ
966 1349 1125 1428 συμπαθῆ
1141 1362 1167 1405 ιο

111 1453 192 1537 πρὸς
219 1454 297 1528 τοὺς
324 1453 523 1537 δημοτικοὺς
548 1449 722 1536 γενέσθαι,
754 1449 831 1537 παρ’
859 1445 907 1516 ὧν
934 1448 1003 1517 οὔτ’
1032 1447 1127 1516 ἐλέου

111 1555 267 1643 μετέσχεν
294 1558 370 1624 ούτε
404 1561 624 1642 συμπαθείας;
658 1557 886 1642 ἐγκαταλιπεῖν
915 1554 946 1622 δ’
976 1558 1041 1644 ἀρα
1073 1554 1128 1622 καλ

110 1666 295 1751 προδοῦναι
323 1665 401 1740 τοὺς
426 1661 694 1747 ὑποδεξαμένους
721 1663 824 1730 αὑτοῦ
851 1665 913 1750 τὴν
935 1665 1065 1748 φυγήν,
1095 1667 1130 1730 οδ

111 1771 217 1838 πολλὰ
244 1767 300 1836 καί
323 1770 417 1834 δεινὰ
440 1773 644 1847 πεπονθότες
670 1768 727 1836 ὑπ’
754 1771 858 1837 αὐτοῦ
879 1774 1058 1858 πρότερον,
1086 1769 1128 1837 οὑ

111 1875 279 1962 πολεμίων
306 1887 418 1960 μῖσος,
451 1874 535 1941 ἀλλὰ
562 1880 670 1962 φίλων
698 1874 753 1943 καί
787 1887 959 1960 συγγενῶν
990 1877 1127 1942 εὑνοιαν
1142 1893 1167 1936 ιο

111 1986 158 2061 είς
184 1983 287 2048 αὑτὸν
315 1979 545 2061 ἀπεδείξαντο;
578 1984 654 2048 τίνα
682 1984 795 2068 ψυχὴν
822 1986 971 2066 λαβοῦσα
998 1980 1163 2061 ἀξιῶσω2

111 2092 170 2155 τὸν
197 2089 274 2154 νίὸν
301 2089 341 2152 τδι
369 2084 430 2172 μὲν
453 2085 660 2155 ἀπολέσαντα
687 2094 814 2175 φιλεῖν,
842 2089 882 2153 τὰ
911 2085 948 2154 δὲ
976 2089 1128 2154 σώσαντα

111 2194 255 2275 ἀδικείν;
292 2194 354 2260 οὐκ
387 2192 471 2259 είσὶν
504 2189 597 2261 οὗτοι
630 2197 753 2283 μητρὸς
783 2192 1002 2279 ὑγιαινούσης
1032 2197 1128 2278 λόγοι

110 2303 193 2389 πρὸς
219 2295 296 2366 υίὸν
320 2297 400 2367 οὐδὲ
428 2303 584 2384 γυναικὸς
612 2301 632 2368 ὑλ
656 2303 710 2367 δεῖ
730 2299 943 2387 λογιζομένης
964 2304 1047 2388 πρὸς
1070 2303 1128 2367 ἀν-

112 2409 188 2494 δρα·
216 2403 295 2492 μηδ’
322 2406 417 2491 ὑμεῖς
439 2407 605 2493 βιάζεσθε,
629 2420 795 2494 γυναῖκες,
818 2408 839 2474 δ
862 2410 941 2493 μήτε
965 2410 1048 2494 πρὸς
1070 2407 1128 2474 ἀν-
1142 2425 1168 2466 2⁰

111 2511 270 2600 θρώπους
302 2514 413 2579 δίκαιοί
446 2513 514 2580 ἐστι
546 2518 626 2601 μήτε
658 2518 741 2601 πρὸς
773 2518 876 2594 θεοὺς
903 2515 994 2599 ὅσια,
1026 2512 1123 2581 ταῦθ’

46 2620 196 2704 ιεο4ημᾶς
223 2620 390 2685 αἰτεῖσθαι
417 2618 494 2706 παρ’
520 2620 641 2706 αὑτοῦ,
668 2617 739 2687 ἀλλ’
767 2623 866 2707 ἄφετε
894 2621 951 2697 τὰς
974 2619 1128 2703 ἐλεεινός,

113 2727 157 2804 ὡς
173 2727 388 2810 πεπτώκαμεν
405 2726 470 2792 ὑπὸ
489 2736 548 2811 της
565 2729 676 2814 τύχης,
694 2734 827 2794 κεῖσθαι
845 2727 1001 2803 ταπεινὰς
1019 2721 1129 2810 μηθέν

113 2835 161 2898 ἔτι
182 2828 285 2898 πλέον
309 2830 570 2918 ἀσχημονούσας.

180 2936 369 3004 XXXXIIL
393 2936 616 3024 Παυσαμένης
635 2938 666 3006 δ’
688 2938 789 3024 αὐτῆς
806 2949 964 3017 τοσοῦτος
983 2938 1129 3025 ὀδυρμὸς
1143 2955 1169 2998 ²⁵

115 3045 151 3112 έκ
176 3056 245 3111 τῶν
273 3055 454 3141 παρουσῶν
485 3057 654 3128 γυναικῶν
686 3044 831 3132 ἐγένετο,
863 3043 918 3111 καὶ
951 3046 1128 3131 τηλικαύτη

189 3279 222 3327 10
241 3270 397 3327 καὶταῦτα
415 3270 525 3342 μηδένα
544 3273 632 3344 μηδὲν
651 3274 758 3328 ἀδικῶν
784 3290 807 3328 ο.
826 3273 942 3342 Βιείελτο,
969 3273 1019 3327 καὶ
1043 3280 1132 3328 ταῦτα

115 3343 206 3414 μηδὲν
220 3344 247 3398 ἀ.
263 3359 286 3397 ο.
301 3341 445 3412 Kiessling
463 3343 513 3398 καί
526 3345 581 3400 del.
596 3345 685 3400 Cobet
704 3345 769 3400 Oba.
783 3363 811 3414 p.
828 3351 879 3400 164
896 3346 963 3414 post
976 3344 1027 3399 καί
1039 3361 1132 3414 pauca

116 3412 255 3469 excidisse
281 3413 404 3468 Sintenis
427 3415 488 3470 Em.
507 3415 589 3471 Dion.
609 3415 648 3469 ΠΙ
668 3422 701 3470 10
726 3417 823 3472 censet
929 3423 960 3470 16
985 3413 1025 3479 εἰς
1044 3415 1131 3471 αὑτὸν

116 3485 224 3542 add.B
297 3491 332 3540 26
351 3494 501 3556 παρουσῶν
520 3486 626 3542 add.B
