2424 3848
538 207 707 256 ...Η-

116 365 251 453 κατέσχε
269 368 328 433 τὸν
352 353 446 433 οἶκον
472 367 609 452 οἰμωγή,
633 363 709 433 ὥστ’
732 364 785 432 ε’πλ
807 367 893 432 πολὺ
915 363 1039 453 [μέρος]
1060 365 1134 446 ἐξα-

117 481 306 560 κουσθῆναι
327 482 385 558 τῆς
407 475 533 550 πόλεως
550 474 611 558 τήν
634 474 719 558 βοήν
741 467 797 538 καὶ
816 475 956 558 μεστοὺς
972 471 1138 557 γενέσθαι.

81 582 195 658 2τούς
217 579 316 664 ἐγγὺς
342 588 401 665 τῆς
427 580 532 656 οἰκίας
555 581 743 658 στενωποὺς
765 581 876 665 όχλου.
922 574 1027 644 ἔπειθ’
1054 580 1091 664 ή,
1099 603 1134 645 τε

120 687 286 773 Οὐαλερία
308 687 409 752 πάλιν
433 683 544 774 ἑτέρας
567 684 703 764 ἐξέτεινε
726 686 852 772 μακράς
868 681 924 750 καὶ
948 692 1136 770 συμπαθεῖς

83 816 104 859 υ
119 795 262 878 δεήσεις,
289 793 327 858 αἵ
351 790 378 858 τ’
405 795 503 859 άλλαι
532 802 687 876 γυναῖκες
710 793 747 858 αί
767 792 848 858 κατά
871 794 987 878 φιλίαν
1009 791 1031 877 ή
1055 808 1136 877 συγ-

118 901 252 986 γένειαν
275 897 411 989 ἑκατέρᾳ
433 909 500 965 τῶν
522 911 691 982 γυναικῶν
713 897 952 987 προσήκουσαι,
975 896 1031 964 καὶ
1052 919 1137 985 παρ-

120 1005 238 1093 έμενον
268 1009 471 1095 λιπαροῦσαί
496 1028 530 1070 τε
560 1003 615 1072 καὶ
645 1004 797 1089 γονάτων
827 1003 1026 1089 ἁπτόμεναι,
1054 1003 1131 1071 ὥστ’

120 1113 181 1181 οὐκ
208 1116 345 1201 ἔχουσα,
377 1113 396 1178 ὅ
423 1137 456 1179 τι
484 1112 577 1200 πάθη
606 1113 689 1197 πρὸς
717 1115 796 1189 τούς
825 1111 995 1199 ὀδυρμοὺς
1024 1110 1137 1177 αὐτῶν

119 1219 174 1287 καὶ
197 1221 255 1298 τάς
277 1220 402 1298 πολλάς
424 1222 568 1305 δεήσεις,
597 1214 683 1297 εἶξεν
706 1218 727 1302 η
752 1217 938 1305 Οὐετουρία
964 1215 1020 1283 καί
1047 1216 1137 1283 τελέ-

81 1349 108 1390 ιο
122 1343 194 1393 σειν
221 1327 282 1411 τήν
309 1329 488 1414 πρεσβείαν
515 1321 599 1412 ὑπὲρ
627 1334 684 1409 τῆς
712 1326 870 1411 πατρίδος
892 1322 1052 1412 ὑπέσχετο
1075 1328 1138 1409 τήν

121 1457 155 1499 τε
187 1444 328 1517 γυναῖκα
356 1441 417 1498 τοῦ
439 1434 597 1520 Μαρκίου
624 1435 863 1519 παραλαβοῦσα
889 1428 945 1496 καὶ
971 1430 1011 1495 τὰ
1038 1427 1138 1496 τέκνα

86 1538 176 1610 3καὶ
199 1550 267 1604 τῶν
289 1539 400 1603 άλλων
423 1540 603 1604 πολιτίδων
622 1539 680 1614 τάς
701 1535 915 1623 βουλομένας.
961 1537 998 1602 αί
1013 1532 1075 1622 μὲν
1095 1538 1137 1622 δή

121 1654 309 1731 περιχαρεῖς
339 1646 516 1729 γενόμεναι
544 1642 599 1710 καὶ
625 1646 704 1721 τούς
731 1647 834 1721 θεοὺς
861 1642 1209 1729 ἐπικαλεσάμεναιισοσ

64 1824 65 1828 ,
123 1748 350 1835 συλλαβέσθαι
373 1753 468 1836 σφίσι
490 1760 547 1834 τῆς
569 1749 703 1828 ἐλπίδος
726 1747 874 1837 άπήεσαν
893 1749 930 1816 ἐκ
951 1758 1009 1835 τῆς
1031 1751 1139 1828 οἰκίας

84 1853 179 1923 τεκαὶ
201 1860 447 1942 προσήγγειλαν
465 1858 506 1922 τά
525 1860 688 1943 γενόμενα
706 1864 776 1933 τοίς
793 1857 944 1933 ὑπάτοις·
968 1857 1003 1923 οὐ
1020 1853 1057 1922 δὲ
1076 1858 1139 1943 τήν

122 1965 317 2050 προθυμίαν
344 1964 456 2030 αὐτῶν
478 1962 709 2041 ἐπαινέσαντες
736 1964 942 2030 συνεκάλουν
969 1964 1031 2048 τήν
1058 1967 1139 2048 βου-

123 2073 185 2157 λήν
208 2068 262 2137 καλ
285 2068 361 2158 περὶ
384 2079 442 2155 τῆς
465 2069 582 2149 ἐξόδου
609 2081 676 2137 τῶν
700 2081 885 2155 γυναικῶν,
912 2071 944 2136 εί
966 2085 1139 2156 συγχωρη-

122 2175 198 2244 τέον
221 2176 548 2262 αὐταῖς,,γνωμηδδν
567 2176 808 2243 ἐπυνθάνοντο.
852 2173 971 2243 πολλοὶ
994 2172 1056 2261 μὲν
1075 2171 1139 2242 οὐν

125 2281 310 2369 ἐλέχθησαν
347 2280 402 2348 καλ
433 2284 522 2371 παρὰ
554 2287 688 2350 πολλῶν
719 2286 832 2368 λόγοι,
868 2279 922 2349 καὶ
954 2279 1051 2368 μέχρι
1082 2291 1140 2367 τῆς

85 2373 264 2487 βὸέσπέρας
287 2386 475 2455 διετέλεσαν
498 2390 516 2455 ὅ
539 2415 571 2456 τι
593 2391 655 2476 χρή
680 2400 788 2456 ποιεῖν
811 2392 1060 2474 βουλευόμενοι.
1106 2391 1144 2457 οὐ

124 2492 186 2582 μὲν
213 2496 277 2583 γάρ
305 2495 346 2562 οὐ
373 2496 493 2582 μικρὸν
521 2493 706 2582 ἀπέφαινον
729 2492 816 2562 εἶναι
845 2505 883 2582 τῇ
906 2499 1002 2562 πόλει
1024 2496 1140 2562 κινδύ-

124 2626 231 2688 νευμα
253 2613 412 2686 γυναῖκας
432 2603 499 2687 ἅμα
516 2599 644 2679 τέκνοις
662 2603 709 2679 είς
726 2606 895 2688 πολεμίων
913 2603 1140 2687 στρατόπεδον

124 2706 350 2795 πορευομένας
387 2707 494 2773 ἐᾶσαι·
533 2708 565 2773 εί
598 2709 662 2794 γάρ
695 2707 808 2784 αὐτοῖς
838 2708 1036 2793 ὑπεριδοῦσι
1071 2717 1140 2774 τῶν

124 2811 374 2900 νενομισμένων
398 2813 501 2879 ὁσίων
522 2815 602 2900 περί
621 2836 656 2878 τε
674 2815 848 2899 πρεσβείας
865 2811 921 2878 καλ
940 2813 1064 2890 ίκεσίας
1083 2815 1140 2880 δό-

199 2978 212 3026 1
233 2972 246 3001 ⁸
260 2967 343 3041 μέρος
361 2969 454 3024 delevi
508 2975 524 3025 9
541 2970 697 3039 Οὐετουρία
711 2968 761 3025 καλ
773 2966 850 3033 τέλος
864 2969 950 3042 ἀπῄει
963 2969 1015 3040 τὴν
1029 2989 1059 3025 π.
1074 2971 1099 3026 ὐ.
1115 2991 1139 3026 τ.

126 3063 155 3099 π.
174 3042 347 3112 ποιησαμένη
365 3039 401 3109 ἣν
424 3037 558 3111 ὑπέσχετο
578 3039 601 3096 O
624 3044 737 3111 praeter
755 3041 778 3095 B
886 3047 920 3095 14
938 3043 1005 3111 post
1028 3037 1141 3105 ἐλπίδος

126 3117 235 3184 septem
252 3114 412 3169 litterarum
430 3111 519 3167 litura
532 3114 562 3181 B,
585 3113 615 3167 in
633 3111 736 3166 lacuna
753 3110 841 3166 fuisse
855 3108 932 3175 τέλος
949 3128 973 3166 ο.
994 3111 1141 3182 Kiessling

46 3241 48 3247 ,
127 3191 161 3241 18
188 3185 336 3255 γνωμηδὸν
365 3179 575 3254 ἐπυνθάνοντο]
605 3184 716 3253 γνώμας
743 3181 970 3239 διεπυνθάνοντο
999 3200 1022 3240 ο.
1051 3184 1142 3240 Cobet

128 3255 193 3312 Obs.
212 3275 239 3326 p.
256 3263 319 3326 164,
343 3254 394 3309 sed
417 3256 511 3309 exstat
528 3254 676 3324 γνωμηδὸν
700 3270 717 3308 ο.
737 3255 776 3307 ud
798 3252 979 3309 Eustathium
1002 3253 1040 3308 ad
1057 3255 1140 3311 Iliad.

127 3329 153 3382 N
168 3333 221 3382 204
326 3333 358 3381 19
377 3324 427 3380 καλ
450 3327 517 3380 ante
541 3324 620 3395 παρὰ
639 3324 692 3380 deL
713 3272 802 3380 &obet
820 3323 886 3381 obs.
905 3344 933 3396 p.
949 3331 1002 3382 1⁴64
1106 3333 1141 3382 20

92 3449 96 3455 ,
128 3397 286 3453 διετέλεσαν
305 3397 320 3453 ὅ
339 3418 365 3451 τι
388 3395 439 3468 χρὴ
459 3402 552 3452 ποιεῖν
576 3394 773 3470 βουλευόμενοι
796 3393 826 3451 οὐ
846 3396 897 3466 μὲν
915 3395 991 3451 Acb
1021 3399 1047 3454 δ.
1070 3398 1141 3453 ὐπο-

129 3479 243 3539 ρούντες
261 3467 304 3523 ὅτι
322 3489 347 3539 χ.
366 3487 395 3524 π.
415 3466 445 3523 οί
460 3467 511 3537 μὲν
530 3467 553 3521 Β
625 3473 659 3522 22
679 3465 853 3538 στρατόπεδα
871 3467 894 3521 Β

112 3568 238 3630 ,Λ
