2424 3848
515 135 677 184 -Z-
1058 129 1103 195 65

82 320 155 362 τειν
168 293 248 361 καθ’
269 296 378 380 ὑμῶν,
401 285 455 360 οἷα
473 294 627 381 Μάρκιος
646 292 824 378 ἐτόλμησεν
843 291 966 358 ἐνθάδε
985 294 1103 378 εἰπεῖν,

81 404 184 468 ποίόν
206 398 279 468 ποτ’
307 400 350 467 δν
372 400 454 486 ὑμῖν
476 399 620 488 παρέστη
643 402 725 485 πρὸς
747 400 850 467 αὐτὸν
863 397 989 477 πάθος.

152 507 357 573 XXXXIIIL
395 509 460 585 Τάς
482 507 545 594 γάρ
568 504 653 593 ὑπὲρ
675 516 733 591 τῆς
755 507 912 592 ὁμονοίας
934 516 972 592 τῇ
996 510 1102 592 βουλῇ

83 613 266 697 ἀκινήτως
306 612 484 697 ὁμολογίας
523 611 579 679 καὶ
619 617 725 698 μόνον
766 613 829 679 οὐκ
867 612 1104 699 ἀδαμαντίνοις

84 723 223 805 δεσμοῖς
244 716 506 804 ἠσφαλισμένας,
536 719 576 797 ἀς
598 721 674 785 οὔτε
697 719 779 806 ὑμίν
801 731 870 797 τοῖς
892 720 1102 805 ὀμωμοκόσιν
1128 740 1143 783 ε

84 827 166 893 οὔτε
188 836 259 903 τοῖς
281 824 314 905 ἐξ
336 826 433 909 ὑμῶν
455 823 625 911 ἐσομένοις
647 827 823 892 καταλύειν
845 824 955 912 θέμις,
977 825 1038 904 ἕως
1060 826 1103 892 ἀν

84 932 107 1016 ἡ
131 935 229 1009 πόλις
250 932 310 1016 ἥδε
329 934 468 1017 οἰκῆται,
490 944 619 1019 πρῶτος
638 930 824 1020 ἐπεχείρησε
844 934 937 1000 λύειν
956 931 989 1012 ἐξ
1008 933 1103 1018 ὑμῶν

85 1035 205 1105 οὑτοσὶ
234 1038 388 1124 Μάρκιος
420 1039 512 1105 οὔπω
542 1037 698 1125 τέταρτον
729 1042 801 1116 ἔτος
831 1038 865 1118 ἐξ
897 1035 938 1106 οὗ
970 1062 1104 1123 γεγενη-

86 1143 202 1230 μένας,
221 1143 262 1210 ού
280 1154 356 1232 σιγῇ
373 1145 527 1231 πράττων
541 1145 603 1228 την
616 1144 808 1224 κατάλυσιν,
827 1141 900 1210 οὐδ’
919 1147 966 1222 είς
980 1143 1105 1230 ἀφανές

86 1273 154 1317 που
173 1253 317 1329 καταδὺς
334 1255 470 1338 χωρίον,
488 1248 560 1318 ἀλλ’
578 1251 774 1337 ἀναφανδὸν
792 1249 829 1316 ἐν
847 1252 931 1338 τῷδε
949 1258 994 1338 τῷ
1013 1253 1103 1340 τόπφ
1118 1272 1146 1312 ιο

87 1357 226 1423 πάντων
257 1361 432 1444 παρόντων
460 1357 557 1442 ὑμῶν
588 1359 724 1442 γνώμην
757 1356 1028 1442 ἀποφηνάμενος,
1061 1356 1105 1434 ὡς

29 1465 151 1550 ιλοτχρὴ
174 1465 237 1548 τὴν
260 1464 466 1550 δημαρχικὴν
488 1461 643 1541 ἐξουσίαν
670 1461 783 1548 μηκέτι
808 1473 991 1549 συγχωρεῖν
1013 1461 1105 1546 ἡμῖν,

88 1567 161 1636 ἀλλ’
184 1568 326 1653 ἀνελελν,
344 1563 366 1655 ᾗ
383 1571 495 1656 πρώτη
513 1567 570 1635 καί
586 1573 672 1656 μόνη
691 1578 748 1654 τῆς
766 1568 959 1656 ἐλευθερίας
972 1573 1104 1655 φυλακῇ

88 1676 323 1752 πιστεύσαντες
345 1675 572 1761 ἐποιησάμεθα
594 1677 653 1754 τάς
675 1677 852 1754 διαλύσεις.
890 1674 945 1742 καί
968 1675 1030 1743 οὐκ
1052 1675 1141 1746 κέν-2

89 1778 188 1849 ταῦθ’
218 1784 294 1867 ἔστη
317 1792 374 1867 τῆς
397 1781 598 1867 ἀλαζονείας,
622 1779 693 1849 ἀλλ’
712 1782 812 1868 ύβριν
829 1783 891 1868 την
909 1781 1105 1867 ἐλευθερίαν
1119 1801 1146 1842 ιε

89 1899 157 1954 τῶν
179 1892 331 1974 πενητων
358 1888 413 1956 καί
440 1892 624 1977 τυραννίδα
651 1891 712 1974 την
736 1891 909 1975 ἰσηγορίαν
933 1888 1104 1974 ὀνομάζων

90 1993 275 2082 ἀφελέσθαι
301 1993 442 2083 παρῄνει
468 1997 592 2080 ταύτην
619 1995 710 2081 ὑμῖν.
756 1995 774 2061 ὃ
803 1993 840 2061 δὲ
866 1995 1000 2060 πάντων
1028 1995 1106 2060 ἀνο-

91 2103 253 2169 σιιότατον
275 2097 318 2187 ἦν
340 2113 407 2167 τῶν
430 2106 503 2169 τότε
531 2103 596 2169 ὑπὸ
627 2104 747 2169 τούτου
770 2100 998 2186 ἀξιωθέντων,
1026 2100 1106 2167 ἀνα-

91 2209 274 2293 μνήσθητε,
297 2204 323 2273 ἀ
344 2207 491 2295 πατέρες,
514 2207 562 2274 ὅτ’
584 2207 745 2294 ἀπέφαινε
763 2211 867 2275 καλὸν
884 2203 970 2273 εἶναι
988 2210 1106 2295 καιρὸν

91 2314 386 2400 ἀπομνημονεῦσαι
415 2318 498 2401 πρὸς
527 2318 565 2381 τὸ
594 2317 774 2400 δημοτικὸν
807 2313 933 2391 ἁπάσας
964 2316 1021 2392 τάς
1053 2311 1106 2380 ἐπί
1120 2333 1148 2374 ιο

91 2431 160 2497 τοῖς
183 2418 357 2505 προτέροις
380 2419 581 2505 ἐγκλήμασιν
604 2420 714 2506 ὀργάς,
737 2419 792 2486 καὶ
812 2417 952 2506 παρῄνει
970 2431 1047 2504 νῦν,
1070 2420 1106 2486 ἐν

92 2519 118 2614 ᾧ
141 2526 346 2612 τετρύχωταί
364 2523 399 2591 θ’
427 2522 484 2592 ὑπ’
510 2525 712 2613 ἀχρηματίας
736 2525 791 2592 καὶ
814 2529 921 2593 πολὺν
944 2528 1008 2610 ἤδη
1030 2529 1107 2612 χρό-

92 2656 154 2698 νον
177 2641 236 2717 τῆς
258 2631 440 2715 ἀναγκαίου
459 2636 645 2711 σπανίζεται
667 2643 804 2720 τροφῆς,
827 2635 914 2711 ἀπαν
933 2632 1014 2698 αὐτὸ
1038 2630 1106 2696 ἐπι-

92 2749 225 2826 τρίψαι,
257 2740 536 2825 διακατασχόντας
567 2737 621 2805 ἐπὶ
652 2749 709 2823 της
740 2741 841 2824 αὐτῆς
872 2737 1011 2822 ἀπορίας
1039 2746 1107 2801 τῶν

166 2971 181 3019 1
202 2962 310 3021 ἐνθάδε
328 2963 399 3020 καθ’
420 2965 499 3036 ἡμῶν
518 2983 541 3022 ο.
560 2966 664 3022 Reiske
745 2965 858 3021 θτοῖόν
876 2962 940 3018 ποτ’
961 2963 984 3015 Β
1010 2965 1014 3032 λ
1041 2961 1107 3032 ημῖν

93 3035 191 3106 ΒΙθιν
212 3067 244 3078 -
263 3034 386 3107 παρέστη
411 3039 445 3092 cf.
471 3040 617 3091 Baumann
640 3039 705 3094 Obs.
730 3052 818 3107 gram.
837 3054 864 3105 p.
885 3040 918 3089 18
1008 3041 1025 3089 3
1064 3037 1109 3088 ost

95 3109 181 3181 βουλῇ
200 3124 299 3161 rasura
318 3111 452 3175 quattuor
470 3108 629 3163 litterarum
647 3109 670 3161 B
725 3117 741 3164 8
761 3106 896 3179 ούτοο<λ>
914 3105 937 3158 Β
993 3111 1026 3159 17
1041 3053 1108 3175 ύμῖν

95 3178 204 3233 Ocorr.
219 3178 324 3233 Reiske
379 3184 411 3234 18
430 3172 508 3251 <ἦν>
528 3181 549 3233 Β
599 3186 632 3233 22
653 3181 689 3242 ὡς
708 3179 730 3234 0
750 3173 781 3232 ἐν
800 3171 821 3250 ᾦ
840 3176 943 3231 Reiske
960 3181 963 3245 Ι
980 3174 1109 3247 τέτρυτιιι

95 3248 185 3304 Cobet
203 3249 269 3305 obs.
283 3267 311 3318 p.
327 3255 378 3303 143
395 3253 399 3318 Ι
415 3250 566 3321 ἀχρηστίας
580 3251 632 3304 ΑΒ
652 3249 825 3322 ἀχρηματίας
843 3265 866 3303 ο.
886 3247 1008 3317 sylburg
1024 3253 1028 3311 Ι
1044 3245 1110 3317 χρό-

95 3339 146 3375 νον
165 3322 246 3375 om.A
301 3326 336 3374 23
354 3319 422 3375 ὥστε
441 3320 520 3376 ἅπαν
535 3322 558 3376 O
576 3320 724 3390 praesserB
741 3322 745 3388 Ι
762 3321 836 3375 αύτῶ
855 3319 906 3372 ΑΒ
925 3319 993 3374 αὐτὸ
1013 3318 1105 3389 Οωιςλ

96 3385 247 3463 ἐπιτρέψαι
265 3391 318 3444 AB
338 3386 484 3463 ἐπιτρῖψαι
499 3392 573 3461 Cmg
592 3391 716 3446 Sintenis
734 3391 795 3447 Em.
814 3375 896 3445 Dion.
910 3392 923 3445 Ι
938 3395 954 3444 9

148 3491 249 3532 Dtom.
263 3489 329 3530 Eu.
339 3491 383 3531 ΠΙ,
411 3501 449 3531 τω.
464 3491 564 3532 Jmomr.
932 3483 949 3533 θ
