2378 3840
482 194 650 243 -Η-

58 352 115 420 καὶ
144 354 203 430 τὰς
229 356 363 438 ψήφους
391 355 473 419 κατδι
502 354 542 418 τδι
571 356 735 437 τιμήματα
765 352 921 438 ἀναδούς,
952 353 987 419 ἐκ
1015 362 1074 438 τής

59 459 257 545 ἀμφοτέρων
284 460 490 544 εὐδοκήσεως
517 459 753 526 ἀποδείκνυσιν
784 461 945 545 ὑπάτους,
972 460 1074 526 Γάλον

57 564 210 650 Ἰούλιον,
232 568 291 631 τὸν
320 565 581 652 ἐπικαλούμενον
604 565 751 651 Ἴουλον,
779 567 815 632 ἐκ
841 578 908 633 τῶν
935 553 1074 652 φιλοδή-

60 697 145 757 μων,
167 671 222 737 καὶ
245 675 391 740 Κόιντον
416 675 546 759 Φάβίου
565 677 740 750 Καίσωνος
761 674 838 739 υίὸν
860 676 897 738 τὸ
917 675 1074 760 δεύτερον

61 778 97 844 ἐκ
120 790 187 844 τῶν
212 778 502 864 ἀριστοκρατικῶν.
547 778 602 845 καὶ
626 775 768 864 ὁ<μέν>
788 781 891 864 δῆμος
914 777 1016 846 οὐδὲν
1038 763 1115 876 ε’κὸ5

59 896 119 969 τής
144 886 305 971 προτέρας
332 888 489 963 ὑπατείας
516 886 619 952 αὐτοῦ
645 887 824 962 πεπονθὼς
853 893 940 951 είασε
963 898 1075 971 τυχεῖν

59 992 181 1075 ταύτης
202 1000 260 1075 τῆς
282 990 434 1070 ἐξουσίας
462 994 499 1058 τὸ
524 994 697 1077 δεύτερον,
724 1001 832 1076 μισῶν
854 994 912 1057 τὸν
931 991 1075 1059 ’Ἁππιον

10 1094 117 1166 τ35καί
140 1097 191 1162 ὅτι
214 1097 339 1176 ἐκεῖνος
361 1099 586 1183 ἀτιμασθῆναι
610 1098 718 1164 ἐδόκει
742 1098 872 1182 σφόδρα
901 1098 1074 1183 ήδόμευος·

60 1214 131 1280 τοῖς
158 1200 188 1268 δ’
222 1203 259 1270 ἐν
290 1204 375 1271 τέλει
408 1203 707 1292 διαπεπραγμένοις
739 1206 941 1291 δραστήριον
968 1206 1075 1288 ἀνδρα

61 1308 117 1375 καὶ
140 1307 245 1375 οὐθὲν
268 1309 458 1378 ἐνδώσοντα
480 1321 525 1400 τῷ
550 1314 643 1401 δήμηο
667 1313 815 1396 μαλακὸν
834 1310 887 1375 ἐπὶ
907 1311 969 1394 τήν
992 1311 1075 1375 ὑπα-
1089 1331 1115 1371 10

61 1419 153 1481 τείαν
174 1422 369 1503 παρελθεῖν,
392 1418 474 1482 κατὰ
497 1419 633 1502 γνώμην
656 1416 765 1483 ε’δόκει
790 1414 1013 1502 κεχωρηκέναι
1035 1417 1075 1482 τδι

62 1530 121 1605 τής
144 1524 360 1609 διχοστασίας.

129 1629 307 1696 LXXXXI.
341 1627 414 1702 Ἐπὶ
436 1639 495 1714 τῆς
517 1632 645 1697 τούτων
668 1629 770 1716 ἀρχῆς
782 1627 926 1696 Αίκανοὶ
949 1627 1011 1714 μὲν
1028 1631 1077 1706 είς

60 1737 124 1820 τήν
146 1739 302 1801 Λατίνων
325 1737 437 1822 χώραν
462 1735 659 1821 ἐμβαλόντες
682 1735 854 1820 ἀπήλασαν
881 1735 1076 1822 ἀνδράποδα

60 1839 119 1906 καὶ
153 1844 344 1926 βοσκήματα
378 1843 485 1909 πολλὰ
519 1848 676 1929 λῃστρικῇ
714 1841 824 1932 ἐφόδῳ
861 1845 1075 1930 χρησάμενοι·
1090 1860 1115 1902 15

66 1950 250 2033 Τυρρηνῶν
274 1946 304 2014 δ’
332 1951 367 2014 οί
387 1950 587 2033 καλούμενοι
612 1947 810 2016 Οὐιεντανοὶ
832 1959 890 2034 τῆς
907 1947 1076 2033 Ῥωμαίων

61 2062 124 2137 γής
151 2056 279 2138 πολλήν
306 2056 468 2139 ήδίκησαν
490 2067 681 2143 προνομαῖς.
727 2065 785 2140 τῆς
813 2052 851 2120 δὲ
873 2059 996 2140 βουλῆς
1017 2057 1077 2121 τὸν

63 2155 125 2244 μὲν
152 2162 234 2245 πρὸς
257 2162 425 2237 Αἰκανοὺς
452 2165 598 2246 πόλεμον
622 2163 669 2238 είς
691 2160 805 2246 ἕτερον
828 2158 1075 2245 ἀναβαλομένης

62 2268 203 2353 χρόνον,
230 2267 318 2352 παρδι
346 2263 383 2331 δὲ
408 2267 621 2333 Οὐιεντανῶν
648 2268 742 2344 δίκας
764 2267 869 2331 αίτείν
892 2264 1077 2350 ψηφισαμέ-

62 2398 141 2458 νης,
169 2370 311 2437 Αἰκανοὶ
334 2369 396 2456 μὲν
420 2371 533 2456 ἐπειδή
556 2373 597 2438 τδι
618 2383 732 2459 πρῶτα
755 2372 867 2448 αὐτοῖς
888 2373 969 2437 κατά
992 2382 1077 2439 νοῦν
1091 2393 1117 2434 νο

64 2479 208 2565 ἐχώρησε
215 2528 225 2563 ,
258 2481 313 2544 καλ
341 2477 456 2557 οὐθεὶς
483 2481 501 2547 ό
529 2480 758 2545 κωλύσων·τά
786 2479 883 2544 λοιποὶ
912 2477 1076 2563 ἐφαίνετο,

63 2587 184 2670 θράσει
221 2584 421 2670 ἐπαρθέντες
457 2585 621 2675 ἀλογίστῳ
658 2585 837 2672 ληστρικήν
873 2582 935 2669 μὲν
967 2584 1077 2650 οὐκέτι

64 2695 238 2779 στρατείαν
261 2694 412 2776 ἔγνωσαν
434 2698 616 2776 ποιεῖσθαι,
640 2681 780 2776 δυνάμει
804 2687 841 2756 δὲ
863 2694 981 2778 βαρείᾳ
996 2689 1077 2783 ἐλύ-

10 2815 180 2875 13οσαντες
208 2797 261 2863 ἐπὶ
288 2801 387 2864 πόλιν
410 2796 556 2883 Ὀρτῶνα
587 2798 669 2862 κατὰ
702 2797 822 2881 κράτος
848 2797 993 2881 αίροῦσι·
1022 2794 1077 2861 καὶ

64 2903 304 2991 διαρπάσαντες
330 2905 370 2969 τοί
397 2902 425 2968 τ’
453 2902 489 2969 ἐκ
516 2912 574 2987 τῆς
601 2905 710 2990 χώρας
732 2900 787 2968 καὶ
809 2903 849 2967 τὰ
873 2911 930 2986 τῆς
951 2905 1077 2978 πόλεως
1092 2920 1118 2962 25

63 3008 213 3098 ἀπῄεσαν
245 3010 404 3096 εὐπορίαν
435 3009 563 3092 πολλήν
590 3008 757 3094 ἀγόμενοι.
809 3006 1006 3074 Οὐιεντανοὶ
1040 3003 1116 3074 δέ2

137 3174 151 3221 1
172 3166 256 3238 κατὰ]
276 3166 325 3220 καὶ
344 3166 366 3221 0
386 3183 455 3220 corr.
476 3165 597 3234 Sylburg
657 3171 673 3218 2
693 3164 930 3219 ἀποδεικνύουσιν
949 3163 1001 3217 ΑΒ
1062 3170 1078 3218 3

65 3240 176 3294 ἐουλλον
196 3237 219 3293 0
254 3244 258 3302 λ
292 3239 546 3306 *φιλοδημοτικῶν
566 3236 588 3291 O
613 3238 771 3306 δημοτικῶν
790 3235 878 3289 Cobet
897 3235 962 3289 obs.
983 3253 1010 3304 p.
1028 3240 1078 3288 172

65 3316 81 3365 5
101 3309 152 3381 μὲν
173 3309 237 3362 add.
252 3308 356 3362 Reiske
372 3312 376 3378 Ι
394 3307 478 3362 οὐδὲν
497 3305 581 3362 ἕνεκα
600 3306 622 3359 Β
642 3307 684 3376 (ὲν
705 3305 736 3361 ἕν
750 3306 781 3360 in
798 3308 865 3373 τοο.)
922 3315 936 3361 7
956 3313 1005 3375 τῆς
1023 3322 1078 3360 om.

65 3381 88 3433 B
166 3385 200 3434 19
222 3381 390 3434 Ούεντανῶν
414 3377 503 3433 αἰτεῖν
526 3374 726 3448 ψηφισαμένης
744 3377 900 3445 ἀπολογίαν
919 3376 942 3432 0
965 3378 1079 3447 praeter

65 3452 89 3505 B
171 3455 206 3504 24
221 3449 329 3521 Ὁρῶνα
349 3452 371 3505 Ο
391 3467 461 3504 corr.
482 3448 604 3518 Sylburg
689 3455 724 3504 26
743 3444 913 3518 ἐπαγόμενοι
932 3464 955 3502 ο.
974 3447 1078 3503 Reiske
