2424 3848
114 178 179 243 174
427 236 428 240 ,
535 183 710 233 -11-·

111 339 204 428 λέγῃ,
229 344 333 429 φαίνῃ
355 367 413 426 μοι
435 343 475 407 τά
497 345 673 408 κοινότατα
695 340 750 408 καί
772 343 838 408 ὑπὸ
862 344 1006 427 μηδενὸς
1028 343 1128 428 ἀγνο-

111 449 237 532 ούμενα
259 450 368 532 μόνος
383 447 532 531 ἀγνοεῖν·
557 448 608 514 ότι
629 450 668 514 τὸ
686 452 801 534 φίλιον
823 448 844 534 ἣ
867 448 1030 534 πολέμιον
1052 447 1123 518 οὔτ’

110 555 218 633 ὄφεως
240 554 341 640 ὁρίζει
362 556 528 640 χαρακτὴρ
551 551 622 621 οὔτ’
637 554 807 639 -όνόματος
823 554 930 641 θέσις,
953 554 1040 622 ἀλλά
1057 568 1129 636 ταῖς

108 663 235 745 χρείαις
269 658 326 725 καὶ
357 672 426 738 τοῖς
462 663 572 747 ἔργοις
607 662 766 745 δηλοῦται
798 662 926 727 τούτων
957 657 1129 750 ἑκάτερον,

83 763 275 850 τφιλοῦμέν
302 790 337 832 τε
369 767 489 844 πάντες
520 769 561 833 τά
588 768 782 853 ὠφελοῦντα
808 764 864 832 καὶ
896 777 1063 852 μισοῦμεν
1088 770 1129 835 τδ

109 870 308 958 βλάπτοντα,
331 872 393 939 οὐκ
415 871 606 959 ἀνθρώπων
628 884 731 939 τινῶν
752 873 833 958 ἡμίν
850 875 949 939 τόνδε
970 873 1167 959 θεμένωνιίλ

108 978 168 1042 τὸν
186 980 304 1063 νόμον,
325 975 405 1044 οὐδὲ
424 977 636 1045 ἀνελούντων
652 975 733 1046 ποτέ
751 980 866 1063 αὐτόν,
889 978 948 1045 ἐὰν
965 979 1128 1048 τάναντία

107 1082 222 1160 αὐτοῖς
245 1085 338 1170 δοκῇ,
365 1081 436 1150 ἀλλ’
463 1084 529 1150 ὑπὸ
552 1093 610 1169 τῆς
632 1094 747 1169 κοινῆς
768 1085 900 1171 φύσεως
923 1084 956 1165 έξ
980 1087 1127 1166 ἅπαντος

107 1199 167 1255 τοῦ
190 1193 315 1275 χρόνον
337 1199 417 1255 πάσι
439 1200 511 1267 τοϊς
528 1192 714 1275 αἰσθήσεως
733 1194 947 1276 μετειληφόσι
968 1194 1126 1277 κείμενον

67 1284 162 1398 gual
189 1297 236 1373 εἰς
257 1294 310 1362 ἀεὶ
333 1298 555 1381 διαμενοῦντα
576 1299 836 1382 παραλαβόντες·
865 1294 921 1363 καὶ
944 1298 1002 1363 διδ
1023 1309 1126 1367 τοῦτο

106 1405 226 1487 φίλους
247 1400 275 1467 τ’
302 1402 556 1489 ἀπαρνούμεθα,
578 1403 659 1470 ὅταν
681 1402 876 1488 ἀδικήσωσι,
899 1401 954 1469 καί
977 1403 1127 1492 ἐχθρούς

105 1512 225 1593 φίλους
247 1511 449 1594 ποιούμεθα,
477 1509 558 1575 ὅταν
580 1534 629 1586 τις
651 1509 731 1594 ἡμῖν
753 1506 831 1596 παρ’
858 1509 968 1575 αὐτῶν
991 1510 1126 1599 ὑπάρξῃ

105 1613 210 1699 χάρις,
231 1616 331 1680 πόλιν
349 1638 383 1680 τε
401 1617 464 1699 τὴν
481 1614 681 1700 γειναμένην
698 1616 795 1700 ἡμᾶς,
817 1615 898 1681 ὅταν
916 1611 978 1700 μὲν
996 1617 1126 1704 ὠφελῇ,

105 1717 296 1805 στέργομεν,
320 1721 400 1787 ὅταν
424 1718 461 1787 δὲ
483 1722 623 1808 βλάπτῃ,
645 1725 895 1807 καταλείπομεν,
917 1723 959 1788 ού
982 1723 1041 1788 διδ
1063 1726 1127 1790 τὸν

65 1813 208 1926 ᾗτόπον
230 1825 421 1909 ἀγαπῶντες
443 1826 564 1914 αὐτήν,
591 1827 675 1893 ἀλλά
699 1829 814 1894 διὰτὸ
838 1826 1019 1913 συμφέρον.
1065 1828 1127 1896 καί

105 1930 180 2017 οὐχὶ
202 1943 272 2010 τοῖς
294 1929 355 2017 μέν
379 1935 527 2010 ἰδιώταις
548 1933 654 2011 οὕτως
672 1932 841 2022 ἐπέρχεται
858 1932 935 2000 καθ’
958 1933 1018 2000 ἕνα
1038 1960 1128 2023 φρο-

103 2051 191 2124 νεῖν,
218 2037 293 2126 ούχί
317 2036 354 2105 δέ
376 2038 432 2105 καὶ
454 2043 592 2106 πόλεσιν
615 2041 709 2118 ὅλαις
730 2039 787 2107 καί
810 2044 962 2124 ἔθνεσιν,
992 2041 1080 2108 ὥστε
1104 2042 1167 2112 διον

102 2147 205 2232 ταύτῃ
226 2155 266 2232 τῇ
290 2148 406 2232 γνώμῃ
428 2148 597 2231 χρώμενος
619 2143 720 2214 οὐδέν
739 2146 800 2236 ἔξω
819 2157 886 2213 τῶν
908 2149 1014 2212 θείων
1034 2147 1129 2228 ἀξιοῖ

103 2255 270 2336 νομίμων,
298 2249 378 2318 οὐδὲ
404 2254 494 2339 παρὰ
520 2253 582 2336 τὴν
603 2253 722 2336 κοινὴν
745 2252 900 2318 ἁπάντων
927 2251 1125 2338 ἀνθρώπων

62 2382 88 2422 ιο
101 2367 193 2423 ποιεί
213 2359 395 2424 δικαίωσιν.
441 2358 506 2442 έγὼ
529 2355 591 2444 μέν
614 2361 655 2445 δὴ
685 2369 789 2425 ταῦτα
810 2359 996 2447 πράττοντα
1019 2359 1124 2444 έμαυ-

101 2466 161 2530 τὸν
182 2464 224 2529 τά
246 2487 280 2529 τε
304 2466 415 2531 δίκαια
437 2465 581 2550 ἡγοῦμαι
598 2466 756 2552 πράττειν
772 2463 828 2531 καί
846 2467 886 2530 ιδ
904 2463 1123 2553 συμφέροντα

100 2569 156 2637 καὶ
183 2571 223 2636 τά
249 2573 333 2636 καλά
360 2570 415 2637 καὶ
443 2573 510 2656 άμα
537 2581 639 2639 ταῦτα
665 2569 721 2638 καὶ
748 2573 788 2638 τὰ
810 2574 893 2660 πρὸς
914 2575 993 2649 τοὺς
1015 2576 1122 2653 θεοὺς

101 2679 274 2746 ὁσιώτατα·
300 2675 356 2743 καλ
378 2678 420 2744 ού
443 2676 560 2762 δέομαι
583 2678 738 2756 δικαστάς
761 2675 845 2765 ὑπὲρ
868 2678 978 2744 αὐτῶν
1001 2683 1121 2764 λαβεῖν

99 2790 178 2863 τοὺς
203 2789 348 2872 εἰκασμῷ
376 2782 432 2850 καὶ
460 2783 540 2872 δόξῃ
569 2783 848 2871 τεκμαιρομένους
868 2785 931 2868 τὴν
953 2784 1121 2870 ἀλήθειαν

59 2911 85 2955 ω
100 2892 312 2978 ἀνθρώπους,
343 2890 455 2975 ἐπειδὴ
478 2898 573 2970 θεοῖς
594 2889 778 2978 ἀρέσκοντα
800 2892 942 2977 πράττω.
988 2892 1031 2957 ού
1054 2893 1119 2980 γὰρ

171 3019 187 3067 3
206 3010 404 3082 όφυεωςΟ
363 3011 473 3080 φύσεως
495 3028 520 3068 ο
538 3011 662 3068 Κίοεελίω
773 3019 837 3068 ὅτε
856 3011 980 3075 ἅπαντες
999 3011 1024 3068 0
1046 3029 1117 3071 οοπ.

98 3083 243 3154 Kiessling
315 3082 526 3147 λάνελούντων
544 3083 567 3136 Β
586 3029 744 3138 όινελώντων
762 3082 788 3136 R
817 3085 821 3153 Ι
850 3084 944 3138 αἰτῶν
961 3082 1010 3139 Ba
1028 3084 1117 3140 αύτδν

98 3157 124 3210 R
178 3162 258 3210 9του
272 3153 337 3209 add
352 3155 375 3208 B
431 3160 463 3208 12
477 3156 578 3223 φίλους
590 3154 752 3246 ποιούμεθα
766 3152 872 3223 AOmg
885 3155 1117 3246 φιλοποιοόμεθα

99 3226 149 3282 Bc
240 3232 272 3280 16
297 3223 422 3288 ἰδιώταις
446 3220 594 3295 ἐπέρχεται
610 3224 712 3280 AO‘'
680 3244 767 3287 ουτως
784 3224 831 3279 vel
853 3223 932 3280 ταῦτ’
952 3229 1022 3294 post
1039 3226 1118 3282 ἰδιώ-

98 3317 159 3360 ταις
177 3297 357 3351 inserendum
377 3313 438 3351 esse
461 3313 485 3351 ο
505 3296 640 3366 Sy31burg
670 3296 694 3351 si
716 3294 902 3364 Heylbutium
924 3295 1117 3364 sequimurB

98 3367 222 3436 ούτωςρ
202 3367 321 3436 praebet
308 3364 464 3439 tffyua&
450 3387 501 3422 ενα
519 3375 589 3422 πᾶσι
606 3368 680 3422 Prou
752 3372 786 3422 20
803 3375 893 3422 ταῦτα
907 3366 1012 3425 addAE
1081 3375 1116 3426 22

97 3439 133 3493 τὰ
151 3455 205 3493 om.
221 3438 243 3491 B
315 3442 350 3493 25
365 3437 431 3493 οὐδὲ
452 3440 472 3492 Β
492 3438 544 3509 γὰρ
564 3454 649 3508 supra
666 3437 717 3494 lin.
736 3453 808 3496 am.
828 3438 919 3494 altero.
