2378 3840
492 173 659 227 ..Θ-

67 337 227 419 φοβεροῖς
249 337 327 411 τοὺς
348 330 410 419 μὲν
431 337 610 420 πολεμίους
632 337 699 420 ἅμα
721 344 766 424 τῷ
791 335 991 422 συνάρχοντι
1015 335 1083 402 ένί-

65 456 153 523 κησα
185 442 309 517 διτταῖς
340 442 458 526 μάχαις
488 439 544 507 καὶ
575 442 746 526 ἠνάγκασα
775 446 1014 520 καταλιπόντας
1042 447 1080 509 τὸ

66 547 233 633 φρούριον
265 546 440 613 ἀπελθεῖν·
486 550 545 614 τὸν
577 545 615 613 δέ
646 550 745 633 λιμὸν
777 547 838 614 οὑκ
870 552 917 627 είς
950 551 1080 636 μακράν

11 655 195 718 εκσέπαυσα
224 663 349 739 τροφῆς
378 653 534 740 ἀφθόνου
562 655 738 738 πληρώσας
766 656 824 732 τὰς
853 655 993 740 ἀγοράς,
1024 654 1081 721 καὶ

65 770 136 835 τοῖς
163 756 232 843 μετ’
259 756 314 844 έμδ
337 760 475 839 ὑπάτοις
497 763 557 843 τήν
580 783 615 825 τε
637 762 750 846 χώραν
770 760 945 847 παρέδωκα
967 763 1080 828 ὅπλων
1105 791 1120 831 ι

65 869 235 949 πολεμίων
258 865 451 952 ἐλευθέραν,
474 865 529 931 καὶ
551 867 613 950 τῆν
634 870 733 932 πόλιν
755 867 833 950 ὑγιῆ
852 868 958 952 πάσης
975 872 1079 934 νόσου

64 976 250 1056 πολιτικῆς,
278 973 325 1049 είς
347 972 386 1049 ἃς
407 971 589 1057 κατέβαλον
612 965 716 1057 αὑτῆν
739 974 775 1037 οί
795 974 1078 1057 δημαγωγοῦντες.

63 1081 157 1154 τίνος
179 1072 243 1143 οὑν
259 1077 465 1163 ’ἀδικήματος
487 1079 678 1156 ὑπεύθυνός
700 1081 768 1163 είμι
789 1078 884 1163 ὑμῖν;
918 1081 948 1143 εί
970 1081 1014 1164 μῆ
1037 1082 1113 1157 τὸ5

64 1193 163 1249 νικᾶν
186 1186 265 1261 τοὺς
286 1188 464 1268 πολεμίους
487 1182 576 1249 ἐστὶν
599 1184 685 1269 ὑμᾶς
707 1183 844 1251 ἀδικεῖν.
889 1187 921 1249 εί
943 1182 973 1249 δ’
996 1184 1076 1251 ἀπο-

63 1296 186 1355 θανεῖν
207 1306 274 1355 τισι
295 1301 363 1355 τῶν
387 1301 597 1376 στρατιωτῶν
618 1291 700 1356 κατὰ
722 1292 784 1375 τῆν
805 1291 913 1376 μάχην
931 1289 1078 1376 εὐτυχῶς
1090 1321 1118 1360 ιο

63 1394 318 1480 ἀγωνιζομένοις
354 1394 531 1480 συνέπεσε,
567 1399 603 1462 τί
637 1400 834 1483 Σερουίλιος
869 1399 929 1462 τὸν
967 1399 1076 1481 δῆμον

63 1501 185 1579 ἀδικεῖ;
216 1500 257 1566 οὑ
280 1503 343 1586 γάρ
367 1502 409 1585 δῆ
432 1508 523 1568 θεῶν
545 1526 595 1580 τις
617 1502 777 1587 ἐγγυητῆς
794 1513 863 1581 τοῖς
882 1515 1078 1589 στρατηγοῖς

46 1603 121 1692 ’τῆς
135 1608 302 1674 ’ἁπάντων
329 1617 437 1693 ψυχῆς
458 1620 525 1674 τῶν
548 1607 806 1694 ἀγωνιουμένων
828 1611 969 1694 γίνεται,
997 1608 1071 1675 οὐδ’

62 1712 116 1781 ε’πὶ
149 1713 367 1799 διακειμένοις
394 1712 450 1780 καὶ
477 1715 589 1800 ῥητοῖς
615 1717 674 1794 τάς
699 1715 877 1801 ῆγεμονίας
904 1722 1076 1802 παραλαμ-

61 1821 224 1906 βάνομεν,
252 1817 335 1885 ὥσθ’
363 1819 518 1888 ἁπάντων
544 1832 705 1907 κρατῆσαι
732 1834 799 1889 τῶν
826 1827 994 1909 πολεμίων
1017 1821 1072 1890 καὶ
1087 1849 1113 1890 ιε

11 1925 187 2012 ῖκομηδένα
210 1938 276 1992 τῶν
301 1929 397 1993 ἰδίων
420 1927 611 2013 ἀποβαλεῖν.
647 1933 697 2007 τίς
718 1931 782 2014 γὰρ
802 1929 844 1996 ἀν
861 1931 1074 2014 ὑπομείνειεν

61 2036 241 2119 άνθρωπος
268 2034 316 2098 ὢν
344 2035 471 2099 ἅπαντα
497 2032 552 2100 καὶ
575 2036 615 2100 τά
638 2044 696 2119 τῆς
719 2037 852 2119 γνώμης
875 2033 992 2099 καὶτὰ
1015 2043 1075 2118 τῆς

60 2140 161 2224 τύχης
193 2140 240 2214 εἰς
271 2135 390 2204 ἑαυτὸν
421 2138 615 2221 ἀναλαβεῖυ;
651 2139 734 2204 ἀλλά
764 2140 805 2203 τά
837 2139 963 2223 μεγάλα
992 2141 1075 2223 ἔργα

60 2246 214 2330 μεγάλων
237 2243 289 2308 ἀεὶ
310 2245 479 2310 κινδύνων
503 2243 690 2328 ὠνούμεθα.

125 2349 228 2415 XXX.
258 2348 325 2415 Καὶ
348 2351 409 2416 οὑκ
432 2348 505 2435 έμολ
527 2360 629 2416 ταῦτα
646 2350 765 2438 πράτιμ
783 2352 953 2434 πολεμίοις
971 2349 1070 2434 ὁμόσε
1084 2377 1112 2416 εο

58 2457 246 2543 χωρήσαντι
273 2455 396 2541 συνέβη
424 2463 561 2541 παθεῖν,
588 2459 690 2523 άπασι
718 2453 748 2521 δ’
777 2456 821 2532 ὡς
847 2457 969 2540 εἰπεῖν,
997 2457 1072 2523 ὅσοι

59 2564 164 2649 μάχας
191 2562 576 2648 παρακεκινδυνευμένας
603 2567 667 2629 σὺν
693 2562 840 2628 ἐλάττοσι
863 2573 933 2638 ταῖς
957 2561 1071 2648 σφετέ-

58 2694 132 2756 ραις
159 2670 321 2753 δυνάμεσι
347 2672 429 2755 πρὸς
456 2673 607 2754 μείζονας
633 2671 691 2747 τάς
712 2679 780 2734 τῶν
802 2668 934 2755 ἐχθρῶν
958 2668 1069 2752 ἐποιη-

59 2792 169 2840 σανιο,
221 2773 360 2852 ἐδίωξαν
396 2775 460 2860 γάρ
496 2775 561 2859 ῆδη
594 2771 680 2853 τινὲς
712 2772 855 2860 έχθροὺς
885 2771 940 2839 καὶ
973 2773 1068 2840 αὑτοὶ

58 2883 184 2966 ἔφυγον
211 2878 267 2945 καὶ
294 2879 488 2946 ἀπέκτεινάν
510 2904 545 2946 τε
572 2893 639 2946 τῶν
662 2881 823 2946 ἐναντίων
846 2883 991 2958 πολλοὺς
1013 2879 1068 2946 καὶ
1082 2901 1111 2943 ω

127 3150 144 3198 5
167 3141 227 3213 μετ’
249 3143 335 3198 αὑτὸν
359 3142 381 3197 Ο
410 3141 470 3213 μετ’
492 3139 539 3215 ἐμὲ
563 3144 637 3213 Cmg
660 3146 690 3198 εδ
713 3143 786 3197 Smit
807 3143 873 3198 Obs.
895 3162 923 3211 p.
943 3148 977 3198 39
1005 3141 1066 3214 μετ’

56 3210 178 3285 ἐμαυτὸν
197 3230 220 3269 c.
239 3213 367 3269 Hertlein
385 3213 502 3269 Hermes
521 3214 547 3268 X
561 3221 613 3269 418
678 3213 753 3277 λείς
771 3214 790 3268 δι
808 3231 832 3269 c.
852 3214 975 3284 Sylburg
1034 3220 1069 3268 10

55 3286 128 3341 κατὰ
150 3284 203 3354 τὴν
226 3284 319 3355 μάχην
342 3285 448 3340 add.ss
478 3287 482 3358 λ
513 3285 673 3355 εὑτυχῶςΟ
699 3285 827 3355 εὑψὺχως
850 3301 873 3340 ο.
893 3284 983 3340 Cobet
999 3284 1068 3340 Var.

55 3357 131 3412 Lech.
150 3363 209 3425 μθ
283 3361 315 3410 11
336 3356 530 3425 σεροοίνιοςΒ
604 3361 637 3411 14
656 3355 960 3428 παραλαμβάνωμενΒ
1034 3363 1068 3412 15

31 3491 33 3495 Ι
55 3425 216 3501 ὥσ<θ’>Β
241 3427 245 3495 λ
270 3427 449 3500 κρατῆσ<αι>
468 3427 514 3481 Bb
587 3433 620 3482 17
641 3427 754 3483 ἅπαντα
772 3426 845 3482 κατά
863 3435 912 3497 τῆς
929 3427 977 3484 Bb
