2424 3848
526 186 690 238 „Q-

103 350 311 435 λαμβάνουσι
347 346 403 414 καὶ
438 358 505 413 τῶν
541 357 669 434 νεκρῶν
702 349 851 430 γίνονται
883 350 1004 430 κύριοι.
1064 349 1123 415 καὶ

70 457 376 530 8κατακλείσαντες
407 453 528 529 αὐτοὺς
564 454 613 529 είς
648 457 844 539 πολιορκίαν
879 452 934 519 καί
967 452 1012 521 δι’
1041 456 1125 541 όλης

104 571 162 646 τῆς
184 566 299 643 λοιπῆς
320 558 443 644 ἡμέρας
464 561 654 646 προσβολὰς
675 559 894 644 ποιησάμενοι
917 563 1043 639 πολλάς
1066 561 1123 628 καὶ

105 662 185 732 οὐδὲ
217 656 279 748 την
312 665 415 730 νύκτα
450 662 589 749 ἀφέντες
620 665 752 750 αἱροῦσι
783 667 844 730 τὸν
875 667 1002 751 χάρακα
1035 667 1124 733 έκλι-

78 775 236 838 τπόντων
265 771 368 837 αὐτὸν
394 781 462 836 τῶν
489 772 605 854 ένδον,
631 768 687 835 καὶ
713 774 866 854 γίνονται
892 778 1029 838 πολλῶν
1057 792 1123 840 σω-

105 878 217 962 μάτων
235 899 269 942 τε
287 875 342 941 καὶ
360 877 537 962 χρημάτων
555 875 734 962 ἐγκρατεῖς·
754 874 835 942 οὐδὲ
853 879 917 964 γάρ
935 878 1123 946 ἀποσκευά-

106 989 230 1049 σασθαι
260 983 403 1068 δύναμιν
434 984 532 1067 ἔσχον
560 982 596 1046 οί
620 984 817 1067 φεύγοντες,
846 981 919 1049 ἀλλ’
945 983 1123 1071 ἀγαπητῶς

105 1089 188 1156 αὐτά
211 1090 251 1154 τά
275 1090 410 1173 σώματα
433 1086 612 1171 διέσωσαν,
640 1084 720 1153 οὐδὲ
742 1089 783 1153 τά
806 1089 892 1155 όπλα
914 1091 1033 1157 πολλοὶ
1057 1118 1121 1178 φυ-

105 1197 284 1272 λάπτοντες.

68 1328 93 1366 ιο
172 1301 311 1367 XXIIII.
343 1302 388 1366 οί
413 1299 444 1365 δ’
470 1300 508 1367 ἐν
534 1310 573 1386 τῇ
592 1298 698 1387 Ῥώμη
726 1304 787 1385 τόν
809 1300 837 1366 τ’
864 1301 1032 1369 ἀπώλειαν
1055 1316 1123 1370 τῶν

106 1408 275 1494 σφετέρων
303 1404 358 1473 καὶ
388 1408 450 1491 τὴν
477 1408 602 1472 ἅλωσιν
631 1416 693 1473 τοῦ
720 1407 863 1495 χάρακος
889 1413 1057 1493 μαθόντες
1083 1449 1120 1458 -

105 1510 188 1599 ἧκον
216 1517 279 1599 γάρ
308 1514 344 1579 οί
363 1524 488 1599 πρῶτοι
512 1512 736 1591 διασωθέντες
759 1513 795 1579 ἐκ
816 1524 875 1599 τῆς
897 1525 1021 1600 τροπῆς
1044 1523 1123 1584 πολ-

107 1627 165 1705 λῆς
194 1624 241 1686 ἔτι
270 1621 390 1696 νυκτὸς
419 1620 522 1703 οὔσης
549 1657 593 1666 -
621 1622 667 1698 είς
697 1620 800 1705 μέγαν
830 1625 984 1707 θόρυβον
1011 1624 1121 1709 ὥσπερ

107 1729 194 1803 είκὸς
221 1723 436 1808 κατέστησαν·
469 1723 525 1791 καὶ
552 1726 597 1802 ὡς
619 1727 737 1792 αὐτίκα
760 1728 802 1812 δὴ
825 1728 913 1811 μάλα
935 1740 1003 1795 τῶν
1025 1734 1188 1796 πολε-1808

68 1855 94 1896 15
107 1837 194 1918 μίων
221 1829 274 1897 ἐπὶ
302 1840 387 1916 σφᾶς
414 1830 642 1917 ἐλευσομένων
666 1831 872 1919 ἁρπάσαντες
896 1836 936 1899 τὰ
959 1835 1062 1919 ὅπλα,
1090 1837 1126 1901 οί

107 1936 169 2025 μέν
196 1939 236 2003 τά
263 1941 353 2024 τείχη
380 1938 743 2071 περιεστεφάνουν,οί
706 1936 806 2004 οίδδ
827 1942 892 2026 πρὸ
915 1951 983 2006 τῶν
1005 1948 1122 2008 πυλῶν

109 2045 329 2129 έτάξαντο,οί
314 2042 436 2110 ίδδ
399 2069 440 2110 τα
454 2044 601 2131 μετέωρα
614 2054 672 2130 της
684 2047 813 2122 πόλεως
825 2048 1123 2132 κατελαμβάνοντο.

73 2148 150 2238 2ἧν
178 2149 216 2218 δὲ
244 2153 415 2239 δρόμος”
394 2175 532 2229 ατακτος
560 2151 624 2217 ἀνά
651 2152 713 2234 τὴν
740 2155 839 2218 πόλιν
866 2153 950 2237 ὅλην
976 2152 1032 2219 καί
1059 2157 1122 2239 βοὴ

109 2260 284 2344 συμμιγής,
307 2255 362 2323 καὶ
385 2255 438 2322 ἐπὶ
461 2268 530 2334 τοῖς
547 2255 655 2341 τέγεσι
673 2269 740 2324 τῶν
759 2264 861 2324 οίκων
879 2259 926 2335 είς
944 2257 1051 2343 ἄλκην
1069 2258 1123 2325 καὶ

69 2388 95 2428 ιο
108 2367 222 2450 ἀγῶνα
250 2365 408 2450 εὐτρεπὴς
430 2365 449 2431 ὁ
472 2364 674 2440 κατοικίδιος
701 2365 814 2449 όχλος,
841 2368 967 2451 πυρσοί
985 2388 1021 2430 τε
1045 2383 1124 2432 συν-

108 2483 208 2558 εχεῖς,
237 2463 291 2537 οἷα
319 2472 361 2555 δη
389 2469 426 2537 έν
453 2468 549 2536 νυκτὶ
571 2468 627 2535 καὶ
650 2474 787 2559 σκοταίηι
808 2471 927 2557 ταότη,
953 2471 1020 2537 ὑπὸ
1044 2477 1124 2557 λαμ-

108 2579 225 2645 πάδων
257 2575 312 2643 καὶ
344 2576 408 2642 άπὸ
440 2587 546 2659 τεγῶν
578 2586 731 2643 τοσοῦτοι
761 2579 798 2642 τὸ
828 2581 959 2660 πλῆθος
987 2575 1121 2663 ᾔροντο,

110 2686 193 2751 ὥστε
222 2680 370 2769 συναφές
398 2678 484 2749 εἶναι
513 2685 626 2749 δοκεῖν
653 2694 723 2760 τοῖς
748 2686 928 2770 πρόσωθεν
955 2683 1059 2770 δρῶσι
1086 2688 1122 2751 τὸ

75 2797 95 2861 3
110 2789 208 2868 σέλας
226 2788 281 2856 καὶ
300 2788 401 2868 δόξαν
417 2787 687 2876 ἐμπιμπραμένης
704 2792 830 2866 πόλεως
847 2801 1037 2875 παρασχεῖν.
1067 2789 1121 2856 καὶ

165 3018 331 3144 ἐ4αίρονσι
352 3018 377 3070 Α
468 3015 806 3071 θάνασκευάσασθαιο.
826 3013 916 3071 Cobet
939 3016 1123 3086 Obsp.1⁷8

113 3085 179 3146 12ss
180 3110 196 3143 κ
214 3095 264 3157 τῆς
280 3091 383 3157 πολλῆς
401 3107 505 3158 τροπης
524 3085 564 3141 ἔτι
583 3086 606 3140 0
625 3102 694 3142 corr
714 3084 859 3157 Kiessling
920 3092 953 3141 18
972 3087 1021 3155 ὅλη
1023 3107 1040 3142 ν
1025 3035 1123 3142 p.add

110 3162 133 3215 B
226 3166 258 3214 19
281 3156 368 3228 *στέγ
370 3157 453 3213 εσιΟ
544 3164 575 3212 21
597 3156 700 3211 νυκτὶ
719 3157 768 3212 καί
785 3156 886 3212 σκότω·
906 3106 1021 3212 δίαιτάη
1020 3178 1050 3213 τε
1069 3159 1124 3213 ὑπὸ

111 3229 266 3302 λαμπάδων
284 3230 309 3283 Α
332 3231 413 3285 νυκτί
431 3229 519 3284 σκότω
542 3229 651 3299 (σκότος
668 3228 727 3298 Bb)
749 3227 876 3284 δίαιτάτε
894 3231 1049 3354 χχχμιιᾶται
1067 3229 1124 3295 Bb)

111 3304 166 3359 ὑπὸ
185 3307 208 3356 λ.
223 3300 270 3355 Ba
287 3301 369 3357 νυκτί
387 3303 504 3376 σιοταία
523 3300 568 3355 vel
584 3299 805 3381 οκοταιοτάτηο.
820 3299 923 3355 Κίοεε
945 3318 964 3370 g
982 3300 1063 3355 νυκτὶ
1077 3301 1124 3354 καί

111 3374 229 3446 σκοταίᾳ
246 3372 334 3445 ταότη
390 3390 407 3428 ο
480 3377 514 3427 22
536 3379 639 3441 στεγῶν
659 3355 864 3427 dubitantem.
883 3370 1027 3439 Kiessling
1051 3376 1056 3442 1
1080 3391 1125 3425 το-

112 3462 162 3499 σοο
146 3450 212 3496 υτον
214 3427 307 3498 ABb
331 3447 335 3513 Ι
354 3389 507 3517 ξροντοῌ
493 3438 717 3514 έπειρῶντοα
664 3444 717 3512 δρᾶ
719 3461 735 3495 ν
753 3439 804 3495 Ac
