2424 3848
468 185 681 233 .-Ζ-
1063 182 1106 248 93

90 343 246 420 ἐλάττους
262 334 331 408 τῶν
349 342 462 407 άλλων
480 340 635 407 ἁπάντων
654 345 747 420 ὄντες
765 346 896 429 ἔσχατοι
914 346 974 428 τήν
991 354 1106 429 ψήφου

33 483 35 487 ¹
89 450 341 533 ἀνελάμβανον,
369 445 429 512 ἕνα
457 450 562 532 μόνον
590 451 720 533 ἔχοντες
747 452 861 535 λόχον·
894 445 986 516 οὗτοι
1010 466 1106 535 στρα-

90 567 190 622 τειῶν
212 553 240 620 τ’
261 549 348 639 ἦσαν
371 552 543 639 ἐλεύθεροι
565 565 632 619 τῶν
656 555 691 620 ἐκ
713 559 898 640 καταλόγου
920 555 975 622 καὶ
996 559 1109 642 εἰσφο-

90 674 162 748 ρῶν
194 673 261 727 τῶν
293 661 375 727 κατά
406 664 569 745 τιμήματα
601 662 788 747 γινομένων
820 663 945 741 ἀτελεῖς
975 663 1030 730 καὶ
1061 661 1104 731 δι’

90 770 192 855 άμφω
220 765 311 835 ταῦτ’
337 767 373 833 ἐν
401 780 472 846 ταῖς
497 772 724 856 ψηφοφορίαις
752 768 949 854 ἀτιμότατοι.
994 773 1026 836 εί
1047 748 1149 863 aba}

91 870 156 941 οὖν
179 872 323 940 ἐπὶτῶν
347 876 488 958 πρῶτων
511 878 631 958 λόχων,
654 875 713 953 οὓς
736 877 771 942 οἵ
790 873 826 941 θ’
851 877 959 954 ίππεῑς
977 876 1109 960 ἐξεπλή-

92 1006 179 1067 ρουν
203 979 259 1047 καὶ
281 992 347 1046 τῶν
368 984 475 1059 πεζῶν
499 982 535 1047 οί
554 983 615 1065 τήν
637 984 772 1068 πρώτην
794 982 886 1062 τάξιν
905 983 941 1048 ἐν
960 995 1029 1059 τοῖς
1050 1005 1109 1049 πο-

91 1087 206 1173 λέμοις
226 1087 461 1172 λαμβάνοντες,
483 1088 584 1152 ταύτὸ
602 1092 806 1173 φρονήσαιεν
825 1087 905 1154 ἑπτά
923 1087 978 1154 καὶ
997 1089 1109 1172 ἐνενή-

25 1215 195 1263 ιίσνκοντα
218 1197 322 1279 λόχοι,
344 1192 437 1271 τέλος
460 1189 546 1279 εἶχεν
568 1194 589 1278 ἡ
608 1200 816 1281 ψηφοφορία,
838 1194 893 1261 καὶ
912 1192 1022 1261 οὐκέτι
1041 1207 1110 1274 τοῖς

91 1306 223 1378 λοιποῖς
249 1299 283 1378 ἓξ
310 1299 366 1366 καὶ
389 1300 588 1384 ἐνενήκοντα
611 1305 722 1387 λόχοις
744 1301 919 1368 ἀνεδίδοτο
941 1302 962 1386 ή
985 1311 1109 1387 ψῆφος·
1124 1327 1150 1367 ιο

90 1411 123 1474 εί
146 1403 185 1472 δὲ
208 1408 253 1491 μή
276 1417 374 1473 τοῦτο
396 1406 539 1491 γένοιτο,
565 1407 584 1490 η
609 1407 745 1492 δευτέρα
768 1413 934 1493 συμμορία
957 1420 1023 1474 τῶν
1047 1409 1109 1483 δύο

90 1512 148 1580 καὶ
180 1519 286 1580 εἴκοσι
318 1515 427 1599 λόχων
458 1511 623 1597 ἐκαλεῖτο,
654 1513 709 1579 καὶ
738 1515 758 1599 ἡ
789 1518 895 1599 τρίτη·
928 1512 982 1580 καὶ
1012 1524 1109 1581 τοῦτο

92 1617 304 1702 συνέβαινεν,
328 1617 389 1695 ἕως
411 1613 452 1684 οὗ
475 1619 574 1685 ταύτὸ
592 1622 806 1704 φρονήσωσιν
826 1618 906 1686 ἑπτά
923 1618 979 1686 καὶ
998 1620 1110 1705 ἐνενή-

90 1749 196 1791 κοντα
218 1725 320 1808 λόχοι.
356 1721 412 1789 καὶ
434 1724 474 1789 τά
497 1721 558 1809 μὲν
580 1726 686 1791 πολλά
709 1712 786 1792 τῶν
799 1726 1038 1811 ἀγωνισμάτων
1057 1726 1144 1801 ἐπὶ8

91 1841 161 1902 τῶν
190 1831 332 1913 πρῶτων
360 1832 509 1914 κλήσεων
539 1830 633 1908 τέλος
662 1831 862 1917 ἐλάμβανεν,
892 1834 974 1898 ὥστε
1005 1830 1110 1919 μηδὲν
1124 1859 1149 1900 15

92 1942 143 2004 ἐτι
167 1939 240 2002 δεῖν
261 1947 330 2002 τῶν
352 1935 509 2021 ἐσχάτων.
545 1941 692 2015 σπανίως
715 1937 756 2004 δέ
770 1961 836 2004 που
854 1948 988 2024 πρᾶγμα
1006 1940 1111 2017 οὕτως

91 2045 350 2127 ἐνδοιαζόμενον
374 2041 560 2127 ἐνέπιπτεν,
586 2045 669 2110 ὥστε
693 2043 787 2131 μέχρι
809 2056 867 2129 τῆς
890 2045 1026 2130 ἐσχάτης
1048 2048 1110 2129 ψή-

90 2174 162 2235 φου
193 2158 251 2233 τῆς
279 2160 345 2215 τῶν
374 2148 596 2234 ἀπορωτάτων
623 2156 816 2237 προελθεῖν·
849 2150 903 2217 καὶ
930 2147 973 2236 ἦν
1001 2153 1110 2238 ὥσπερ

90 2254 190 2341 τέρας
216 2265 314 2322 τοῦτο
342 2254 549 2340 σχισθέντων
577 2258 652 2341 δίχα
679 2269 746 2323 τῶν
773 2257 943 2343 προτέρων
971 2259 1033 2325 δύο
1056 2257 1111 2324 καὶ

91 2362 294 2445 ἐνενήκοντα
326 2359 382 2427 καὶ
409 2359 526 2428 ἑκατὸν
553 2365 662 2448 λόχων
690 2365 751 2448 τήν
778 2369 968 2430 τελευταίαν
995 2375 1110 2451 ψῆφον
1124 2391 1151 2432 ιο

91 2469 330 2553 ἐπενεχθεῖσαν
354 2467 495 2545 ἐκείναις
517 2469 626 2534 αἰτίαν
649 2468 807 2552 γενέσθαι
829 2480 887 2554 τῆς
909 2470 962 2536 ἐπὶ
984 2473 1110 2553 θάτερα

93 2575 207 2661 ῥοπῆς.
253 2575 289 2638 οί
312 2570 374 2658 μὲν
401 2569 464 2641 οὖν
492 2579 794 2661 συναγωνιζόμενοι
815 2580 959 2665 Μαρκίῳ
987 2580 1144 2660 ταύτην9

92 2679 211 2765 ἠξίουν
235 2683 348 2744 καλεῖν
370 2682 432 2764 τήν
456 2680 520 2746 ἀπὸ
539 2692 606 2746 τῶν
624 2681 815 2766 τιμημάτων
834 2681 1011 2766 ἐκκλησίαν
1028 2683 1110 2748 ὑπο·

93 2786 319 2872 λαμβάνοντες
349 2786 431 2871 τάχα
462 2782 524 2870 μὲν
551 2785 604 2852 ἐπὶ
633 2797 690 2871 της
716 2790 847 2875 πρώτης
872 2791 1017 2873 κλήσεως
1044 2789 1110 2854 ὑπὸ

92 2905 160 2959 τῶν
188 2891 275 2957 όκτῶ
304 2890 359 2957 καὶ
388 2890 584 2977 ἐνενήκοντα
612 2898 720 2980 λόχων
747 2895 1024 2977 ἀπολυθήσεσθαι
1051 2896 1110 2960 τὸν
1124 2918 1151 2959 τε

167 3090 181 3137 1
208 3081 324 3152 ἔσχατον
342 3083 395 3138 ΑΒ
454 3091 470 3138 2
495 3095 660 3156 στρατιῶται
678 3086 731 3139 ΑΒ
750 3094 900 3156 στρατειῶν
918 3105 948 3140 τε
967 3102 990 3140 ο.
1009 3085 1110 3140 Portus

93 3159 124 3210 et
141 3153 265 3224 Sylburg
315 3162 340 3236 ,6
360 3151 410 3236 οὖν
430 3153 460 3210 οί
476 3151 565 3211 έπὶΑ
625 3155 1109 3227 8*τδαότὸο1φρονήσαιενο

93 3224 455 3352 δρῖλλῖῗθῖεῗὲῗὼῆε
480 3227 1109 3360 ἑὲ.’λλἭίῗιῗεῖιὲύὶῗέίιίιῖῖῗιῖἓδῗ

93 3369 226 3439 ssp.15.
246 3373 279 3421 16
336 3374 368 3422 19
386 3366 616 3439 πέραςΟτέρας
635 3341 709 3438 ἀλωή
727 3369 762 3427 cf.
779 3369 816 3424 IV
833 3318 923 3439 20‚1sp
961 3377 995 3426 23
1014 3342 1110 3425 καλεῖν

94 3455 149 3500 om.
171 3442 193 3491 Α
267 3443 302 3492 24
320 3439 377 3493 ἀπὸ
396 3446 444 3508 τῆς
463 3438 486 3493 Ο
506 3434 553 3493 ἐπὶ
571 3447 620 3509 τῆς
638 3438 781 3511 Kiossling
