2424 3848
498 176 660 227 -Ζ-
1043 171 1085 236 63

65 335 179 423 ἦλώον
202 338 249 415 είς
270 348 389 424 πεῖραν
412 335 585 421 ἐμφυλίων
614 324 802 422 διαφορῶν,
832 332 933 402 οὐδὲν
955 342 1086 420 θαυμα-

67 447 166 529 στόν,
196 446 228 509 εί
254 440 298 509 δι’
326 443 478 528 ἀπειρίαν
504 454 573 509 τῶν
595 454 706 508 κακῶν
729 439 802 527 μήτ’
830 444 993 528 ἀχδονται
1015 453 1086 519 τοῖς

66 552 226 635 γεγονόσι
255 551 378 626 δεινοῖς
405 550 484 633 μήτε
510 550 700 616 κωλύουσιν
728 548 764 615 ἐκ
791 553 918 615 πολλοῦ
946 550 987 613 τά
1009 546 1085 633 μέλ-

66 662 180 723 λοντα.
217 656 291 721 ὅσοι
314 652 344 721 δ’
372 656 480 742 ώσπερ
504 655 598 740 ὑμεῖς
622 658 669 733 είς
691 659 770 732 τοὺς
792 654 949 742 ἐσχάτους
971 655 1086 720 κινδύ-
1121 681 1127 693 ·

65 789 151 842 νους
173 763 390 840 καταστάντες
408 761 582 847 ἀγαπητῶς
599 761 849 847 ἀπηλλάγησαν,
871 761 914 845 ἣν
933 763 951 829 ὁ
969 764 1085 848 καιρὸς
1111 783 1124 824 ε

67 867 188 958 ἀπῄτει
210 869 429 954 ποιησάμενοι
449 881 517 935 τῶν
539 881 650 935 κακῶν
672 870 782 953 λύσιν,
806 872 855 946 τίς
877 869 1042 955 εὐπρεπὴς
1063 869 1085 954 ἢ

65 980 186 1063 μετρία
216 977 382 1061 πρόφασις
413 974 623 1042 ἀπολείπεται
653 976 800 1069 τούτοις,
838 974 896 1040 ἐάν
929 979 977 1040 ἔτι
1014 987 1085 1054 ταῖς

66 1084 185 1160 αὐταῖς
208 1081 442 1169 συμφέρωνται
459 1082 593 1168 τύχαις,
610 1085 659 1159 τίς
680 1079 711 1147 δ’
733 1082 795 1148 οὐκ
813 1080 855 1147 ἀν
873 1081 969 1166 ύμῶν
987 1088 1120 1152 κατα-4

65 1193 166 1274 γνοίη
199 1190 327 1273 πολλὴν
353 1189 473 1253 ἀνοιαν
500 1185 555 1253 καί
584 1191 706 1272 μανίαν
734 1187 1001 1273 ἐνθυμούμενος,
1033 1188 1085 1252 ὅτι

16 1291 192 1382 ιοιμικρὸν
218 1290 280 1379 μὲν
307 1296 497 1380 ἐμπροσδεν
523 1290 607 1380 ὑπὲρ
634 1304 694 1360 τοῦ
721 1294 765 1379 μη
794 1295 980 1374 στασιάζειν
1007 1298 1086 1371 τοὺς
1099 1318 1126 1357 ιο

66 1404 215 1486 δημότας
236 1402 348 1466 πολλὰ,
360 1401 449 1486 παρά
466 1402 602 1486 γνώμην
620 1401 827 1485 ὑπεμείνατε,
851 1395 899 1465 ὧν
918 1404 989 1466 ἐνια
1009 1401 1085 1466 ούτε
1106 1457 1108 1461 1

65 1507 229 1574 κάλλιστα
250 1502 294 1592 ἦν
318 1513 397 1584 ίσως
419 1502 495 1572 ούτε
520 1506 782 1572 λυσιτελέστατα·
807 1517 871 1573 νῦν
890 1504 920 1572 δ’
945 1504 1014 1602 οὔτ’
1037 1510 1085 1584 είς

67 1615 220 1701 χρήματα
243 1614 449 1698 βλάπτεσθαι
472 1611 647 1698 μέλλοντες
670 1611 741 1680 οὔτ’
763 1617 811 1692 είς
833 1613 987 1711 εὐδοξίαν
1011 1610 1080 1679 οὔτ’

67 1723 116 1798 είς
139 1720 222 1786 ἀλλο
244 1730 311 1785 τῶν
333 1731 457 1785 κοινῶν
479 1716 552 1786 οὐδ’
580 1720 707 1804 ὁτιοῦν,
735 1722 791 1786 ἵνα
814 1723 991 1806 χαρίζησθε
1016 1731 1085 1797 τοῖς

66 1825 357 1911 μισοδημοτάτοις,
376 1829 413 1893 τὸ
429 1827 607 1912 δημοτικὸν
622 1821 722 1905 αὖθις
736 1827 991 1912 ἐκπολεμώσετες
1010 1828 1083 1910 ούκ,
1098 1847 1123 1890 ιι

67 1932 129 1998 ἐάν
156 1956 195 2016 γε
218 1941 421 2019 σωφρονῆτε.
460 1932 566 2017 ἡδέως
594 1931 625 1999 δ’
651 1933 694 1999 ἀν
721 1934 806 2018 ὑμᾶς
829 1932 982 2019 ἐροίμην,
1009 1936 1119 2003 τίναὸ

65 2040 208 2124 γνώμην
226 2042 382 2124 λαβόντες
397 2042 469 2104 τότε
487 2041 549 2124 τὴν
566 2039 717 2106 κάθοδον
734 2040 815 2125 ἡμίν
834 2040 1083 2125 συνεχωρήσατε

66 2143 121 2232 ἐφ’
144 2137 195 2223 οἷς
217 2146 386 2231 ἠξιοῦμεν,
408 2148 531 2231 πότερα
550 2151 696 2246 λογισμῷ
716 2148 931 2232 προϊδόμενοι
950 2148 986 2212 τὸ
1005 2146 1083 2230 κρά-

16 2333 21 2343 .
66 2269 183 2318 τιστον
210 2250 231 2334 ἢ
258 2261 297 2338 τῇ
326 2251 451 2338 ἀνάγκη
479 2244 638 2332 είξαντες;
666 2258 756 2339 είπερ
785 2247 847 2337 γάρ
875 2251 973 2318 ταῦθ’
1005 2253 1083 2318 ύπεἢ

66 2359 252 2445 λαμβάνετε
275 2358 510 2443 ὠφελιμώτατα
533 2354 619 2424 εἶναι
642 2367 680 2444 τῇ
707 2361 818 2443 πόλει,
845 2362 881 2423 τί
905 2359 945 2425 οὐ
969 2357 1082 2444 μένετε
1096 2383 1123 2422 ω

65 2463 123 2532 καὶ
146 2474 213 2531 νῦν
235 2463 272 2530 ἐν
291 2464 416 2543 αύτοῑς;
439 2467 471 2529 εί
493 2461 522 2530 δ’
546 2463 707 2547 ἀναγκαία
725 2463 778 2530 καὶ
804 2466 864 2530 οὐκ
883 2463 1083 2551 ἐνδεχόμενα

65 2575 178 2649 άλλως
200 2569 368 2655 γενέσθαι,
390 2574 425 2636 τί
439 2574 649 2656 χαλεπαίνετε
669 2569 874 2655 γενομένοις;
897 2572 958 2656 τὴν
977 2571 1082 2658 ἀρχὴν

140 2734 152 2781 l
176 2722 316 2796 ἐκφνλίων
331 2729 354 2781 Β
374 2722 516 2797 ἐμφυλίων
530 2728 556 2782 R
571 2730 575 2791 Ι
592 2736 743 2798 συμφορῶν
758 2726 781 2781 Ο
800 2729 946 2797 διαφορῶν
961 2743 983 2782 ο.
1000 2726 1082 2781 Gras-

63 2800 169 2868 berger
186 2797 206 2852 l.
224 2797 243 2852 l.
262 2816 289 2867 p.
304 2803 357 2854 650
447 2806 463 2852 2
483 2798 624 2868 ύχδωνται
645 2801 667 2853 Β
687 2815 724 2852 an
743 2798 915 2867 όχδοῦνταιλ
935 2798 1081 2865 άχθωνται

62 2871 111 2938 1ιι
127 2876 187 2931 τοῖς
205 2884 258 2924 om.
276 2870 301 2923 B
386 2875 402 2922 3
421 2867 562 2924 κωλύωσιν
580 2871 604 2923 Β
694 2876 711 2923 4
730 2865 889 2940 ἐλαχίστους
908 2868 930 2923 0
950 2865 1082 2937 ἐσχάτους

64 2960 87 2998 c.
107 2939 214 2994 Reinke
308 2945 324 2994 ὅ
344 2938 381 2994 διν
397 2941 445 2994 Ba
468 2941 487 2994 δι
505 2941 531 2995 R
552 2939 588 3008 ἣν
606 2939 710 2995 Reiske
805 2946 822 2994 8
841 2938 1039 3011 συμφέρωνται
1057 2942 1080 2994 0

64 3008 246 3083 ἐμφέρωνται
262 3010 370 3079 Kayser
387 3011 458 3068 Ann.
477 3011 547 3081 phil.
565 3020 632 3067 1868
651 3030 679 3080 p.
696 3017 747 3066 817
773 3013 777 3080 Ι
802 3012 868 3079 ὑμῖν
887 3011 910 3063 Β
1000 3017 1016 3065 9
1036 3007 1050 3064 ἐ
1069 3043 1079 3052 -

64 3083 259 3153 θυμούμενοις
276 3082 299 3134 Β
356 3087 388 3136 10
407 3083 569 3154 *μικροῦΟ
588 3088 676 3155 μικρῷ
695 3100 718 3136 ο.
733 3082 862 3136 Ηοάλοὶο
876 3082 971 3151 Progr.
987 3081 1080 3136 Wert=

63 3154 142 3210 heim
163 3159 232 3208 1873
251 3171 278 3222 p.
295 3159 310 3208 9
329 3152 429 3223 μικρόν
448 3170 507 3224 ego·
602 3161 633 3209 11
654 3153 743 3243 πρλλόι
761 3152 814 3223 γὰρ
833 3155 897 3223 (ras.
918 3154 984 3244 del.)
1002 3153 1081 3224 παρά

64 3227 111 3280 Ba
186 3230 220 3278 14
237 3225 427 3295 χαρίζεσδεΑ
499 3229 532 3279 15
551 3223 788 3297 μισοδημοταιςΟ
807 3227 1038 3295 μισοδημοτάτοις
1057 3242 1079 3280 ο.

66 3295 190 3352 Βίοίοηὶε
209 3295 277 3351 Em(
287 3295 368 3352 Dion.
383 3295 409 3349 H
423 3303 457 3351 36
530 3302 565 3351 18
583 3294 768 3366 προιδόμενοι
781 3296 828 3349 Ba
845 3296 1043 3367 προειδόμενοι
1059 3298 1081 3349 R

64 3367 250 3439 προελόμενοι
268 3384 290 3422 ο.
308 3366 451 3436 ΚίεεεΙῙος
525 3374 557 3422 19
571 3367 633 3422 τότε
652 3367 861 3439 ὑπελαμβάνετε
880 3369 1081 3439 ὠφελιμώτατα

64 3449 153 3495 ταῦτα
173 3456 197 3494 ο.
217 3437 319 3492 Garrer
338 3437 404 3493 Obs.
422 3456 450 3507 p.
465 3445 500 3508 24
572 3445 606 3494 21
625 3440 657 3492 εί
669 3457 699 3492 τε
719 3437 741 3491 Ο
761 3437 788 3493 εί
805 3439 837 3494 δὲ
856 3440 960 3495 Reiske
1128 3463 1129 3466 ¹
