<?xml version="1.0" encoding="UTF-8"?>
<!DOCTYPE html PUBLIC "-//W3C//DTD XHTML 1.0 Transitional//EN"
    "http://www.w3.org/TR/xhtml1/DTD/xhtml1-transitional.dtd">
<html xmlns="http://www.w3.org/1999/xhtml" xml:lang="en" lang="en">
 <head>
  <title>
</title>
<meta http-equiv="Content-Type" content="text/html;charset=utf-8" />
  <meta name='ocr-system' content='tesseract 3.04.00' />
  <meta name='ocr-capabilities' content='ocr_page ocr_carea ocr_par ocr_line ocrx_word'/>
</head>
<body>
  <div class='ocr_page' id='page_1' title='image "./dionysihalicarn04diongoog_0109.png"; bbox 0 0 2424 3848; ppageno 0'>
   <div class='ocr_carea' id='block_1_1' title="bbox 112 165 699 229">
    <p class='ocr_par' dir='ltr' id='par_1_1' title="bbox 112 165 699 229">
     <span class='ocr_line' id='line_1_1' title="bbox 112 165 699 229; baseline -0.002 0"><span class='ocrx_word' id='word_1_1' title='bbox 112 165 155 229; x_wconf 89' lang='grc'><strong><em>98</em></strong></span> <span class='ocrx_word' id='word_1_2' title='bbox 537 168 699 216; x_wconf 83' lang='grc' dir='ltr'><strong><em>-Ζ-</em></strong></span> 
     </span>
    </p>
   </div>
   <div class='ocr_carea' id='block_1_2' title="bbox 75 322 1207 3067">
    <p class='ocr_par' dir='ltr' id='par_1_2' title="bbox 87 322 1137 838">
     <span class='ocr_line' id='line_1_2' title="bbox 113 322 1136 412; baseline -0.001 -19"><span class='ocrx_word' id='word_1_3' title='bbox 113 327 249 406; x_wconf 76' lang='grc' dir='ltr'><strong><em>αὔξεταί</em></strong></span> <span class='ocrx_word' id='word_1_4' title='bbox 262 351 297 392; x_wconf 92' lang='grc' dir='ltr'><strong><em>τε</em></strong></span> <span class='ocrx_word' id='word_1_5' title='bbox 316 324 372 392; x_wconf 81' lang='grc' dir='ltr'><strong><em>καὶ</em></strong></span> <span class='ocrx_word' id='word_1_6' title='bbox 389 324 542 412; x_wconf 87' lang='grc' dir='ltr'><strong><em>τρέφεται</em></strong></span> <span class='ocrx_word' id='word_1_7' title='bbox 562 328 731 411; x_wconf 91' lang='grc' dir='ltr'><strong><em>τυραννίς·</em></strong></span> <span class='ocrx_word' id='word_1_8' title='bbox 751 327 798 390; x_wconf 82' lang='grc' dir='ltr'><strong><em>ἔτι</em></strong></span> <span class='ocrx_word' id='word_1_9' title='bbox 813 323 843 390; x_wconf 90' lang='grc' dir='ltr'><strong><em>δ’</em></strong></span> <span class='ocrx_word' id='word_1_10' title='bbox 858 325 962 392; x_wconf 86' lang='grc' dir='ltr'><strong><em>αὐτοῦ</em></strong></span> <span class='ocrx_word' id='word_1_11' title='bbox 976 322 1136 408; x_wconf 87' lang='grc' dir='ltr'><strong><em>λέγοντος</em></strong></span> 
     </span>
     <span class='ocr_line' id='line_1_3' title="bbox 113 426 1136 518; baseline -0.001 -19"><span class='ocrx_word' id='word_1_12' title='bbox 113 433 194 499; x_wconf 83' lang='grc' dir='ltr'><strong><em>ὅσον</em></strong></span> <span class='ocrx_word' id='word_1_13' title='bbox 218 428 279 516; x_wconf 71' lang='grc' dir='ltr'><strong><em>μὲν</em></strong></span> <span class='ocrx_word' id='word_1_14' title='bbox 301 426 344 514; x_wconf 73' lang='grc' dir='ltr'><strong><em>ἦν</em></strong></span> <span class='ocrx_word' id='word_1_15' title='bbox 367 442 428 498; x_wconf 88' lang='grc' dir='ltr'><strong><em>τοῦ</em></strong></span> <span class='ocrx_word' id='word_1_16' title='bbox 452 433 635 516; x_wconf 74' lang='grc' dir='ltr'><strong><em>δημοτικοῦ</em></strong></span> <span class='ocrx_word' id='word_1_17' title='bbox 658 429 779 518; x_wconf 81' lang='grc' dir='ltr'><strong><em>μέρους</em></strong></span> <span class='ocrx_word' id='word_1_18' title='bbox 802 427 941 508; x_wconf 74' lang='grc' dir='ltr'><strong><em>ἐπιεικὲς</em></strong></span> <span class='ocrx_word' id='word_1_19' title='bbox 962 429 1018 496; x_wconf 84' lang='grc' dir='ltr'><strong><em>καλ</em></strong></span> <span class='ocrx_word' id='word_1_20' title='bbox 1037 434 1136 517; x_wconf 86' lang='grc' dir='ltr'><strong><em>φιλό-</em></strong></span> 
     </span>
     <span class='ocr_line' id='line_1_4' title="bbox 113 531 1137 625; baseline 0 -22"><span class='ocrx_word' id='word_1_21' title='bbox 113 555 257 625; x_wconf 91' lang='grc' dir='ltr'><strong><em>χρηστον</em></strong></span> <span class='ocrx_word' id='word_1_22' title='bbox 283 538 443 605; x_wconf 77' lang='grc' dir='ltr'><strong><em>ἀπολύειν</em></strong></span> <span class='ocrx_word' id='word_1_23' title='bbox 473 537 552 622; x_wconf 86' lang='grc' dir='ltr'><strong><em>έβόα</em></strong></span> <span class='ocrx_word' id='word_1_24' title='bbox 580 541 640 604; x_wconf 92' lang='grc' dir='ltr'><strong><em>τὸν</em></strong></span> <span class='ocrx_word' id='word_1_25' title='bbox 667 539 790 623; x_wconf 81' lang='grc' dir='ltr'><strong><em>ἀνδρα,</em></strong></span> <span class='ocrx_word' id='word_1_26' title='bbox 819 536 875 603; x_wconf 81' lang='grc' dir='ltr'><strong><em>καὶ</em></strong></span> <span class='ocrx_word' id='word_1_27' title='bbox 902 531 947 602; x_wconf 89' lang='grc' dir='ltr'><strong><em>δι’</em></strong></span> <span class='ocrx_word' id='word_1_28' title='bbox 972 539 1137 623; x_wconf 77' lang='grc' dir='ltr'><strong><em>αἰσχύνης</em></strong></span> 
     </span>
     <span class='ocr_line' id='line_1_5' title="bbox 113 643 1135 731; baseline 0.001 -21"><span class='ocrx_word' id='word_1_29' title='bbox 113 645 309 730; x_wconf 77' lang='grc' dir='ltr'><em>ἐλάμβανεν,</em></span> <span class='ocrx_word' id='word_1_30' title='bbox 332 647 363 709; x_wconf 90' lang='grc' dir='ltr'><strong><em>εί</em></strong></span> <span class='ocrx_word' id='word_1_31' title='bbox 384 647 440 710; x_wconf 80' lang='grc' dir='ltr'><strong><em>καί</em></strong></span> <span class='ocrx_word' id='word_1_32' title='bbox 463 646 561 728; x_wconf 93' lang='grc' dir='ltr'><strong><em>δίκην</em></strong></span> <span class='ocrx_word' id='word_1_33' title='bbox 583 644 696 731; x_wconf 79' lang='grc' dir='ltr'><strong><em>ὑπεῖχε</em></strong></span> <span class='ocrx_word' id='word_1_34' title='bbox 718 646 779 728; x_wconf 80' lang='grc' dir='ltr'><strong><em>τὴν</em></strong></span> <span class='ocrx_word' id='word_1_35' title='bbox 803 644 909 731; x_wconf 83' lang='grc' dir='ltr'><strong><em>ἀρχὴν</em></strong></span> <span class='ocrx_word' id='word_1_36' title='bbox 926 643 1002 731; x_wconf 81' lang='grc' dir='ltr'><strong><em>περὶ</em></strong></span> <span class='ocrx_word' id='word_1_37' title='bbox 1019 646 1135 711; x_wconf 88' lang='grc' dir='ltr'><strong><em>τοιαύ-</em></strong></span> 
     </span>
     <span class='ocr_line' id='line_1_6' title="bbox 87 747 1136 838; baseline 0 -21"><span class='ocrx_word' id='word_1_38' title='bbox 87 776 100 817; x_wconf 83' lang='grc' dir='ltr'><strong><em>ι</em></strong></span> <span class='ocrx_word' id='word_1_39' title='bbox 115 774 172 836; x_wconf 92' lang='grc' dir='ltr'><strong><em>της</em></strong></span> <span class='ocrx_word' id='word_1_40' title='bbox 190 753 295 828; x_wconf 91' lang='grc' dir='ltr'><strong><em>αίτίας</em></strong></span> <span class='ocrx_word' id='word_1_41' title='bbox 312 750 396 838; x_wconf 76' lang='grc' dir='ltr'><strong><em>ἀνὴρ</em></strong></span> <span class='ocrx_word' id='word_1_42' title='bbox 415 750 610 828; x_wconf 78' lang='grc' dir='ltr'><strong><em>τοσαυτάκις</em></strong></span> <span class='ocrx_word' id='word_1_43' title='bbox 627 752 796 838; x_wconf 84' lang='grc' dir='ltr'><strong><em>ὑπεριδὼν</em></strong></span> <span class='ocrx_word' id='word_1_44' title='bbox 815 759 873 835; x_wconf 78' lang='grc' dir='ltr'><strong><em>τῆς</em></strong></span> <span class='ocrx_word' id='word_1_45' title='bbox 891 747 1011 817; x_wconf 80' lang='grc' dir='ltr'><strong><em>ἑαυτοῦ</em></strong></span> <span class='ocrx_word' id='word_1_46' title='bbox 1024 759 1136 837; x_wconf 76' lang='grc' dir='ltr'><strong><em>ψυχῆς</em></strong></span> 
     </span>
    </p>

    <p class='ocr_par' dir='ltr' id='par_1_3' title="bbox 78 853 1136 1263">
     <span class='ocr_line' id='line_1_7' title="bbox 78 853 1136 943; baseline -0.002 -19"><span class='ocrx_word' id='word_1_47' title='bbox 78 857 210 930; x_wconf 80' lang='grc' dir='ltr'><strong><em>4ένεκα</em></strong></span> <span class='ocrx_word' id='word_1_48' title='bbox 232 868 290 942; x_wconf 77' lang='grc' dir='ltr'><strong><em>τῆς</em></strong></span> <span class='ocrx_word' id='word_1_49' title='bbox 312 856 467 923; x_wconf 81' lang='grc' dir='ltr'><strong><em>ἁπάντων</em></strong></span> <span class='ocrx_word' id='word_1_50' title='bbox 489 863 647 942; x_wconf 77' lang='grc' dir='ltr'><strong><em>φυλακῆς.</em></strong></span> <span class='ocrx_word' id='word_1_51' title='bbox 689 859 762 924; x_wconf 83' lang='grc' dir='ltr'><strong><em>ὅσοι</em></strong></span> <span class='ocrx_word' id='word_1_52' title='bbox 786 855 816 923; x_wconf 80' lang='grc' dir='ltr'><strong><em>δ’</em></strong></span> <span class='ocrx_word' id='word_1_53' title='bbox 842 853 927 942; x_wconf 69' lang='grc' dir='ltr'><strong><em>ἦσαν</em></strong></span> <span class='ocrx_word' id='word_1_54' title='bbox 950 857 1050 943; x_wconf 86' lang='grc' dir='ltr'><strong><em>φύσει</em></strong></span> <span class='ocrx_word' id='word_1_55' title='bbox 1073 857 1136 942; x_wconf 84' lang='grc' dir='ltr'><strong><em>βά-</em></strong></span> 
     </span>
     <span class='ocr_line' id='line_1_8' title="bbox 114 961 1136 1050; baseline -0.001 -21"><span class='ocrx_word' id='word_1_56' title='bbox 114 983 231 1030; x_wconf 91' lang='grc' dir='ltr'><strong><em>σκανοι</em></strong></span> <span class='ocrx_word' id='word_1_57' title='bbox 254 962 309 1029; x_wconf 80' lang='grc' dir='ltr'><strong><em>καὶ</em></strong></span> <span class='ocrx_word' id='word_1_58' title='bbox 332 966 547 1049; x_wconf 76' lang='grc' dir='ltr'><strong><em>μισόχρηστοι</em></strong></span> <span class='ocrx_word' id='word_1_59' title='bbox 569 961 626 1028; x_wconf 80' lang='grc' dir='ltr'><strong><em>καὶ</em></strong></span> <span class='ocrx_word' id='word_1_60' title='bbox 643 966 725 1050; x_wconf 90' lang='grc' dir='ltr'><strong><em>πρὸς</em></strong></span> <span class='ocrx_word' id='word_1_61' title='bbox 742 972 852 1031; x_wconf 88' lang='grc' dir='ltr'><strong><em>πᾶσαν</em></strong></span> <span class='ocrx_word' id='word_1_62' title='bbox 870 964 1038 1047; x_wconf 81' lang='grc' dir='ltr'><strong><em>εὐκίνητοι</em></strong></span> <span class='ocrx_word' id='word_1_63' title='bbox 1056 964 1136 1030; x_wconf 86' lang='grc' dir='ltr'><strong><em>στά-</em></strong></span> 
     </span>
     <span class='ocr_line' id='line_1_9' title="bbox 114 1066 1136 1155; baseline 0.001 -20"><span class='ocrx_word' id='word_1_64' title='bbox 114 1087 185 1154; x_wconf 86' lang='grc' dir='ltr'><strong><em>σιν,</em></strong></span> <span class='ocrx_word' id='word_1_65' title='bbox 208 1071 355 1155; x_wconf 78' lang='grc' dir='ltr'><strong><em>ἥχθοντο</em></strong></span> <span class='ocrx_word' id='word_1_66' title='bbox 378 1066 440 1152; x_wconf 74' lang='grc' dir='ltr'><strong><em>μὲν</em></strong></span> <span class='ocrx_word' id='word_1_67' title='bbox 463 1067 621 1133; x_wconf 75' lang='grc' dir='ltr'><strong><em>ἀπολύειν</em></strong></span> <span class='ocrx_word' id='word_1_68' title='bbox 644 1069 703 1134; x_wconf 88' lang='grc' dir='ltr'><strong><em>τὸν</em></strong></span> <span class='ocrx_word' id='word_1_69' title='bbox 727 1068 834 1154; x_wconf 87' lang='grc' dir='ltr'><strong><em>άνδρα</em></strong></span> <span class='ocrx_word' id='word_1_70' title='bbox 856 1067 1048 1154; x_wconf 79' lang='grc' dir='ltr'><strong><em>μέλλοντες,</em></strong></span> <span class='ocrx_word' id='word_1_71' title='bbox 1071 1070 1136 1136; x_wconf 86' lang='grc' dir='ltr'><strong><em>οὐκ</em></strong></span> 
     </span>
     <span class='ocr_line' id='line_1_10' title="bbox 114 1171 1136 1263; baseline 0.001 -21"><span class='ocrx_word' id='word_1_72' title='bbox 114 1171 205 1262; x_wconf 85' lang='grc' dir='ltr'><strong><em>είχον</em></strong></span> <span class='ocrx_word' id='word_1_73' title='bbox 233 1171 279 1259; x_wconf 89' lang='grc' dir='ltr'><strong><em>δ’,</em></strong></span> <span class='ocrx_word' id='word_1_74' title='bbox 306 1175 324 1240; x_wconf 85' lang='grc' dir='ltr'>ὅ</span> <span class='ocrx_word' id='word_1_75' title='bbox 347 1198 378 1239; x_wconf 86' lang='grc' dir='ltr'><strong><em>τι</em></strong></span> <span class='ocrx_word' id='word_1_76' title='bbox 402 1173 444 1239; x_wconf 85' lang='grc' dir='ltr'><strong><em>άν</em></strong></span> <span class='ocrx_word' id='word_1_77' title='bbox 468 1175 550 1239; x_wconf 87' lang='grc' dir='ltr'><strong><em>άλλο</em></strong></span> <span class='ocrx_word' id='word_1_78' title='bbox 573 1184 693 1238; x_wconf 83' lang='grc' dir='ltr'><strong><em>ποιῶσι</em></strong></span> <span class='ocrx_word' id='word_1_79' title='bbox 717 1175 773 1239; x_wconf 87' lang='grc' dir='ltr'><strong><em>διά</em></strong></span> <span class='ocrx_word' id='word_1_80' title='bbox 795 1177 833 1242; x_wconf 89' lang='grc' dir='ltr'><strong><em>τὸ</em></strong></span> <span class='ocrx_word' id='word_1_81' title='bbox 856 1177 1020 1260; x_wconf 87' lang='grc' dir='ltr'><strong><em>μηδεμίαν</em></strong></span> <span class='ocrx_word' id='word_1_82' title='bbox 1044 1177 1136 1263; x_wconf 79' lang='grc' dir='ltr'><strong><em>εὑρί-</em></strong></span> 
     </span>
    </p>

    <p class='ocr_par' dir='ltr' id='par_1_4' title="bbox 75 1279 1136 1474">
     <span class='ocr_line' id='line_1_11' title="bbox 75 1279 1136 1368; baseline 0.002 -21"><span class='ocrx_word' id='word_1_83' title='bbox 75 1307 101 1347; x_wconf 86' lang='lat'><strong><em>10</em></strong></span> <span class='ocrx_word' id='word_1_84' title='bbox 116 1300 208 1349; x_wconf 91' lang='grc' dir='ltr'><strong><em>σκειν</em></strong></span> <span class='ocrx_word' id='word_1_85' title='bbox 226 1281 383 1368; x_wconf 79' lang='grc' dir='ltr'><strong><em>ἀφορμὴν</em></strong></span> <span class='ocrx_word' id='word_1_86' title='bbox 401 1282 600 1366; x_wconf 78' lang='grc' dir='ltr'><strong><em>τυραννίδος</em></strong></span> <span class='ocrx_word' id='word_1_87' title='bbox 618 1279 799 1359; x_wconf 82' lang='grc' dir='ltr'><strong><em>ἐπιθέσεως</em></strong></span> <span class='ocrx_word' id='word_1_88' title='bbox 812 1279 1030 1367; x_wconf 81' lang='grc' dir='ltr'><strong><em>φαινομένην,</em></strong></span> <span class='ocrx_word' id='word_1_89' title='bbox 1047 1279 1136 1368; x_wconf 69' lang='grc' dir='ltr'><strong><em>ὑπὲρ</em></strong></span> 
     </span>
     <span class='ocr_line' id='line_1_12' title="bbox 114 1385 641 1474; baseline -0.004 -20"><span class='ocrx_word' id='word_1_90' title='bbox 114 1385 153 1474; x_wconf 70' lang='grc' dir='ltr'><strong><em>ἧς</em></strong></span> <span class='ocrx_word' id='word_1_91' title='bbox 175 1390 232 1466; x_wconf 85' lang='grc' dir='ltr'><strong><em>τάς</em></strong></span> <span class='ocrx_word' id='word_1_92' title='bbox 255 1391 388 1474; x_wconf 79' lang='grc' dir='ltr'><strong><em>ψήφους</em></strong></span> <span class='ocrx_word' id='word_1_93' title='bbox 410 1386 641 1472; x_wconf 77' lang='grc' dir='ltr'><strong><em>ἀνειλήφεσαν.</em></strong></span> 
     </span>
    </p>

    <p class='ocr_par' dir='ltr' id='par_1_5' title="bbox 114 1492 1207 1793">
     <span class='ocr_line' id='line_1_13' title="bbox 181 1492 1207 1578; baseline 0.001 -18"><span class='ocrx_word' id='word_1_94' title='bbox 181 1494 302 1560; x_wconf 81' lang='lat' dir='ltr'><strong>LXIII.</strong></span> <span class='ocrx_word' id='word_1_95' title='bbox 336 1498 441 1560; x_wconf 86' lang='grc' dir='ltr'><strong><em>Τοῦτο</em></strong></span> <span class='ocrx_word' id='word_1_96' title='bbox 465 1494 667 1578; x_wconf 82' lang='grc' dir='ltr'><strong><em>καταμαθὼν</em></strong></span> <span class='ocrx_word' id='word_1_97' title='bbox 691 1493 708 1559; x_wconf 89' lang='grc' dir='ltr'>ὁ</span> <span class='ocrx_word' id='word_1_98' title='bbox 732 1492 854 1571; x_wconf 89' lang='grc' dir='ltr'><strong><em>Δέκιος</em></strong></span> <span class='ocrx_word' id='word_1_99' title='bbox 876 1492 1010 1576; x_wconf 77' lang='grc' dir='ltr'><strong><em>ἐκεῖνος,</em></strong></span> <span class='ocrx_word' id='word_1_100' title='bbox 1035 1494 1053 1560; x_wconf 86' lang='grc' dir='ltr'>ὁ</span> <span class='ocrx_word' id='word_1_101' title='bbox 1078 1494 1207 1562; x_wconf 66' lang='lat' dir='ltr'><strong><em>xamen</em></strong></span> 
     </span>
     <span class='ocr_line' id='line_1_14' title="bbox 114 1597 1137 1685; baseline 0.002 -19"><span class='ocrx_word' id='word_1_102' title='bbox 114 1603 192 1677; x_wconf 84' lang='grc' dir='ltr'><strong><em>τοὺς</em></strong></span> <span class='ocrx_word' id='word_1_103' title='bbox 214 1599 252 1665; x_wconf 89' lang='grc' dir='ltr'><strong><em>έν</em></strong></span> <span class='ocrx_word' id='word_1_104' title='bbox 274 1609 313 1685; x_wconf 74' lang='grc' dir='ltr'><strong><em>τη</em></strong></span> <span class='ocrx_word' id='word_1_105' title='bbox 337 1604 442 1684; x_wconf 72' lang='grc' dir='ltr'><strong><em>βουλῇ</em></strong></span> <span class='ocrx_word' id='word_1_106' title='bbox 465 1599 687 1683; x_wconf 79' lang='grc' dir='ltr'><strong><em>ποιησάμενος</em></strong></span> <span class='ocrx_word' id='word_1_107' title='bbox 709 1603 830 1684; x_wconf 81' lang='grc' dir='ltr'><strong><em>λόγους</em></strong></span> <span class='ocrx_word' id='word_1_108' title='bbox 852 1597 907 1664; x_wconf 78' lang='grc' dir='ltr'><strong><em>καὶ</em></strong></span> <span class='ocrx_word' id='word_1_109' title='bbox 929 1601 966 1666; x_wconf 90' lang='grc' dir='ltr'><strong><em>τὸ</em></strong></span> <span class='ocrx_word' id='word_1_110' title='bbox 987 1604 1137 1685; x_wconf 86' lang='grc' dir='ltr'><strong><em>προβού-</em></strong></span> 
     </span>
     <span class='ocr_line' id='line_1_15' title="bbox 115 1704 1136 1793; baseline 0 -20"><span class='ocrx_word' id='word_1_111' title='bbox 115 1713 220 1791; x_wconf 91' lang='grc' dir='ltr'><strong><em>λευμα</em></strong></span> <span class='ocrx_word' id='word_1_112' title='bbox 242 1704 318 1791; x_wconf 80' lang='grc' dir='ltr'><strong><em>περὶ</em></strong></span> <span class='ocrx_word' id='word_1_113' title='bbox 340 1715 397 1788; x_wconf 76' lang='grc' dir='ltr'><strong><em>τῆς</em></strong></span> <span class='ocrx_word' id='word_1_114' title='bbox 420 1707 514 1790; x_wconf 90' lang='grc' dir='ltr'><strong><em>δίκης</em></strong></span> <span class='ocrx_word' id='word_1_115' title='bbox 536 1716 704 1791; x_wconf 76' lang='grc' dir='ltr'><strong><em>γραφῆναι</em></strong></span> <span class='ocrx_word' id='word_1_116' title='bbox 726 1705 989 1793; x_wconf 79' lang='grc' dir='ltr'><strong><em>παρασκευάσας,</em></strong></span> <span class='ocrx_word' id='word_1_117' title='bbox 1012 1705 1136 1793; x_wconf 81' lang='grc' dir='ltr'><strong><em>ἀνέστη</em></strong></span> 
     </span>
    </p>

    <p class='ocr_par' dir='ltr' id='par_1_6' title="bbox 76 1808 1141 3067">
     <span class='ocr_line' id='line_1_16' title="bbox 77 1808 1137 1900; baseline 0.001 -22"><span class='ocrx_word' id='word_1_118' title='bbox 77 1837 103 1878; x_wconf 81' lang='grc' dir='ltr'><strong><em>ιι</em></strong></span> <span class='ocrx_word' id='word_1_119' title='bbox 116 1810 172 1878; x_wconf 79' lang='grc' dir='ltr'><strong><em>καὶ</em></strong></span> <span class='ocrx_word' id='word_1_120' title='bbox 195 1814 324 1896; x_wconf 76' lang='grc' dir='ltr'><strong><em>σιωπὴν</em></strong></span> <span class='ocrx_word' id='word_1_121' title='bbox 347 1809 505 1896; x_wconf 85' lang='grc' dir='ltr'><strong><em>γενέσθαι</em></strong></span> <span class='ocrx_word' id='word_1_122' title='bbox 527 1813 684 1889; x_wconf 86' lang='grc' dir='ltr'><strong><em>κελεύσας</em></strong></span> <span class='ocrx_word' id='word_1_123' title='bbox 707 1812 828 1891; x_wconf 77' lang='grc' dir='ltr'><strong><em>ἔλεξεν·</em></strong></span> <span class='ocrx_word' id='word_1_124' title='bbox 852 1810 1001 1897; x_wconf 78' lang='grc' dir='ltr'><strong><em>Ἐπειδη,</em></strong></span> <span class='ocrx_word' id='word_1_125' title='bbox 1024 1808 1050 1878; x_wconf 79' lang='grc' dir='ltr'>ὦ</span> <span class='ocrx_word' id='word_1_126' title='bbox 1077 1816 1137 1900; x_wconf 86' lang='grc' dir='ltr'><strong><em>δη-</em></strong></span> 
     </span>
     <span class='ocr_line' id='line_1_17' title="bbox 117 1916 1138 2005; baseline 0.002 -20"><span class='ocrx_word' id='word_1_127' title='bbox 117 1923 230 2005; x_wconf 90' lang='grc' dir='ltr'><strong><em>μόται,</em></strong></span> <span class='ocrx_word' id='word_1_128' title='bbox 255 1928 323 1983; x_wconf 80' lang='grc' dir='ltr'><strong><em>τῶν</em></strong></span> <span class='ocrx_word' id='word_1_129' title='bbox 347 1917 384 1983; x_wconf 86' lang='grc' dir='ltr'><strong><em>έν</em></strong></span> <span class='ocrx_word' id='word_1_130' title='bbox 406 1927 445 2004; x_wconf 75' lang='grc' dir='ltr'><strong><em>τῇ</em></strong></span> <span class='ocrx_word' id='word_1_131' title='bbox 468 1922 574 2003; x_wconf 72' lang='grc' dir='ltr'><strong><em>βουλῇ</em></strong></span> <span class='ocrx_word' id='word_1_132' title='bbox 598 1916 785 2004; x_wconf 74' lang='grc' dir='ltr'><strong><em>λεχθέντων</em></strong></span> <span class='ocrx_word' id='word_1_133' title='bbox 808 1918 874 1984; x_wconf 76' lang='grc' dir='ltr'><strong><em>ὑπὸ</em></strong></span> <span class='ocrx_word' id='word_1_134' title='bbox 896 1923 1054 2002; x_wconf 89' lang='grc' dir='ltr'><strong><em>Μαρκίου</em></strong></span> <span class='ocrx_word' id='word_1_135' title='bbox 1080 1925 1138 1987; x_wconf 85' lang='grc' dir='ltr'><strong><em>λό-</em></strong></span> 
     </span>
     <span class='ocr_line' id='line_1_18' title="bbox 116 2023 1137 2111; baseline 0.002 -20"><span class='ocrx_word' id='word_1_136' title='bbox 116 2051 203 2110; x_wconf 86' lang='grc' dir='ltr'><strong><em>γων,</em></strong></span> <span class='ocrx_word' id='word_1_137' title='bbox 238 2023 294 2090; x_wconf 77' lang='grc' dir='ltr'><strong><em>καὶ</em></strong></span> <span class='ocrx_word' id='word_1_138' title='bbox 329 2037 397 2090; x_wconf 82' lang='grc' dir='ltr'><strong><em>τῶν</em></strong></span> <span class='ocrx_word' id='word_1_139' title='bbox 431 2026 488 2089; x_wconf 85' lang='grc' dir='ltr'><strong><em>διά</em></strong></span> <span class='ocrx_word' id='word_1_140' title='bbox 519 2025 658 2101; x_wconf 90' lang='grc' dir='ltr'><strong><em>τούτους</em></strong></span> <span class='ocrx_word' id='word_1_141' title='bbox 689 2023 992 2109; x_wconf 76' lang='grc' dir='ltr'><strong><em>ἀκολουθησάντων</em></strong></span> <span class='ocrx_word' id='word_1_142' title='bbox 1025 2028 1137 2111; x_wconf 76' lang='grc' dir='ltr'><strong><em>ἔργον</em></strong></span> 
     </span>
     <span class='ocr_line' id='line_1_19' title="bbox 116 2129 1138 2218; baseline 0 -20"><span class='ocrx_word' id='word_1_143' title='bbox 116 2135 237 2218; x_wconf 80' lang='grc' dir='ltr'><strong><em>βιαίων</em></strong></span> <span class='ocrx_word' id='word_1_144' title='bbox 264 2154 299 2196; x_wconf 89' lang='grc' dir='ltr'><strong><em>τε</em></strong></span> <span class='ocrx_word' id='word_1_145' title='bbox 325 2129 380 2196; x_wconf 82' lang='grc' dir='ltr'><strong><em>καὶ</em></strong></span> <span class='ocrx_word' id='word_1_146' title='bbox 407 2130 631 2217; x_wconf 83' lang='grc' dir='ltr'><strong><em>ὑπερηφάνων</em></strong></span> <span class='ocrx_word' id='word_1_147' title='bbox 658 2129 864 2196; x_wconf 87' lang='grc' dir='ltr'><strong><em>ἀπολύουσιν</em></strong></span> <span class='ocrx_word' id='word_1_148' title='bbox 891 2130 993 2197; x_wconf 84' lang='grc' dir='ltr'><strong><em>αὐτὸν</em></strong></span> <span class='ocrx_word' id='word_1_149' title='bbox 1017 2132 1053 2196; x_wconf 87' lang='grc' dir='ltr'><strong><em>οί</em></strong></span> <span class='ocrx_word' id='word_1_150' title='bbox 1073 2153 1138 2198; x_wconf 89' lang='grc' dir='ltr'><strong><em>πα-</em></strong></span> 
     </span>
     <span class='ocr_line' id='line_1_20' title="bbox 117 2234 1137 2326; baseline 0.002 -23"><span class='ocrx_word' id='word_1_151' title='bbox 117 2242 238 2323; x_wconf 90' lang='grc' dir='ltr'><strong><em>τρίκιοι</em></strong></span> <span class='ocrx_word' id='word_1_152' title='bbox 255 2235 311 2302; x_wconf 79' lang='grc' dir='ltr'><strong><em>καὶ</em></strong></span> <span class='ocrx_word' id='word_1_153' title='bbox 325 2234 397 2303; x_wconf 83' lang='grc' dir='ltr'><strong><em>οὐδ’</em></strong></span> <span class='ocrx_word' id='word_1_154' title='bbox 415 2237 495 2322; x_wconf 74' lang='grc' dir='ltr'><strong><em>ἡμῖν</em></strong></span> <span class='ocrx_word' id='word_1_155' title='bbox 509 2234 720 2322; x_wconf 81' lang='grc' dir='ltr'><strong><em>ἐπιτρέπουσι</em></strong></span> <span class='ocrx_word' id='word_1_156' title='bbox 733 2247 941 2321; x_wconf 79' lang='grc' dir='ltr'><strong><em>κατηγορεῖν,</em></strong></span> <span class='ocrx_word' id='word_1_157' title='bbox 959 2235 1137 2326; x_wconf 87' lang='grc' dir='ltr'><strong><em>ἀκούσατε,</em></strong></span> 
     </span>
     <span class='ocr_line' id='line_1_21' title="bbox 76 2336 1139 2430; baseline 0.005 -24"><span class='ocrx_word' id='word_1_158' title='bbox 76 2367 103 2406; x_wconf 79' lang='grc' dir='ltr'><strong><em>ιο</em></strong></span> <span class='ocrx_word' id='word_1_159' title='bbox 118 2336 192 2410; x_wconf 82' lang='grc' dir='ltr'><strong><em>οἷον</em></strong></span> <span class='ocrx_word' id='word_1_160' title='bbox 223 2343 304 2427; x_wconf 79' lang='grc' dir='ltr'><strong><em>ὑμῖν</em></strong></span> <span class='ocrx_word' id='word_1_161' title='bbox 337 2345 436 2430; x_wconf 87' lang='grc' dir='ltr'><strong><em>έργον</em></strong></span> <span class='ocrx_word' id='word_1_162' title='bbox 468 2341 580 2429; x_wconf 79' lang='grc' dir='ltr'><strong><em>ἕτερον</em></strong></span> <span class='ocrx_word' id='word_1_163' title='bbox 613 2342 674 2421; x_wconf 80' lang='grc' dir='ltr'><strong><em>ἔξω</em></strong></span> <span class='ocrx_word' id='word_1_164' title='bbox 704 2354 771 2407; x_wconf 83' lang='grc' dir='ltr'><strong><em>τῶν</em></strong></span> <span class='ocrx_word' id='word_1_165' title='bbox 798 2337 914 2426; x_wconf 72' lang='grc' dir='ltr'><strong><em>λόγον’</em></strong></span> <span class='ocrx_word' id='word_1_166' title='bbox 936 2343 954 2411; x_wconf 88' lang='grc' dir='ltr'><strong><em>δ</em></strong></span> <span class='ocrx_word' id='word_1_167' title='bbox 981 2356 1139 2427; x_wconf 80' lang='grc' dir='ltr'><strong><em>γενναῖος</em></strong></span> 
     </span>
     <span class='ocr_line' id='line_1_22' title="bbox 118 2445 1138 2536; baseline 0.001 -19"><span class='ocrx_word' id='word_1_168' title='bbox 118 2445 215 2526; x_wconf 86' lang='grc' dir='ltr'><strong><em>οὗτος</em></strong></span> <span class='ocrx_word' id='word_1_169' title='bbox 238 2448 322 2536; x_wconf 79' lang='grc' dir='ltr'><strong><em>ἀνὴρ</em></strong></span> <span class='ocrx_word' id='word_1_170' title='bbox 346 2449 501 2533; x_wconf 87' lang='grc' dir='ltr'><strong><em>τυγχάνει</em></strong></span> <span class='ocrx_word' id='word_1_171' title='bbox 525 2446 820 2535; x_wconf 84' lang='grc' dir='ltr'><strong><em>διαπεπραγμένος,</em></strong></span> <span class='ocrx_word' id='word_1_172' title='bbox 843 2449 887 2526; x_wconf 78' lang='grc' dir='ltr'><strong><em>ὡς</em></strong></span> <span class='ocrx_word' id='word_1_173' title='bbox 909 2449 1056 2528; x_wconf 80' lang='grc' dir='ltr'><strong><em>αὔθαδες</em></strong></span> <span class='ocrx_word' id='word_1_174' title='bbox 1079 2450 1138 2518; x_wconf 79' lang='grc' dir='ltr'><strong><em>καὶ</em></strong></span> 
     </span>
     <span class='ocr_line' id='line_1_23' title="bbox 117 2548 1138 2643; baseline 0 -20"><span class='ocrx_word' id='word_1_175' title='bbox 117 2558 330 2643; x_wconf 90' lang='grc' dir='ltr'><strong><em>τυραννικόν,</em></strong></span> <span class='ocrx_word' id='word_1_176' title='bbox 347 2553 403 2620; x_wconf 80' lang='grc' dir='ltr'><strong><em>καὶ</em></strong></span> <span class='ocrx_word' id='word_1_177' title='bbox 422 2548 496 2621; x_wconf 83' lang='grc' dir='ltr'><strong><em>οἷον</em></strong></span> <span class='ocrx_word' id='word_1_178' title='bbox 514 2555 609 2640; x_wconf 83' lang='grc' dir='ltr'><strong><em>ὑμῶν</em></strong></span> <span class='ocrx_word' id='word_1_179' title='bbox 626 2552 783 2621; x_wconf 89' lang='grc' dir='ltr'><strong><em>κατέλυσε</em></strong></span> <span class='ocrx_word' id='word_1_180' title='bbox 802 2557 907 2639; x_wconf 92' lang='grc' dir='ltr'><strong><em>νόμον</em></strong></span> <span class='ocrx_word' id='word_1_181' title='bbox 926 2555 1025 2633; x_wconf 88' lang='grc' dir='ltr'><strong><em>αὐτὸς</em></strong></span> <span class='ocrx_word' id='word_1_182' title='bbox 1043 2558 1138 2623; x_wconf 80' lang='grc' dir='ltr'><strong><em>ἰδιώ-</em></strong></span> 
     </span>
     <span class='ocr_line' id='line_1_24' title="bbox 82 2659 1138 2748; baseline 0.001 -19"><span class='ocrx_word' id='word_1_183' title='bbox 82 2671 175 2748; x_wconf 81' lang='grc' dir='ltr'><strong><em>2της</em></strong></span> <span class='ocrx_word' id='word_1_184' title='bbox 206 2663 253 2728; x_wconf 72' lang='grc' dir='ltr'><strong><em>δαν</em></strong></span> <span class='ocrx_word' id='word_1_185' title='bbox 283 2662 412 2746; x_wconf 86' lang='grc' dir='ltr'><strong><em>μάθετε.</em></strong></span> <span class='ocrx_word' id='word_1_186' title='bbox 460 2667 528 2726; x_wconf 86' lang='grc' dir='ltr'><strong><em>ίστε</em></strong></span> <span class='ocrx_word' id='word_1_187' title='bbox 559 2662 667 2745; x_wconf 77' lang='grc' dir='ltr'><strong><em>δήπου</em></strong></span> <span class='ocrx_word' id='word_1_188' title='bbox 694 2660 829 2743; x_wconf 89' lang='grc' dir='ltr'><strong><em>πάντες,</em></strong></span> <span class='ocrx_word' id='word_1_189' title='bbox 859 2660 909 2725; x_wconf 82' lang='grc' dir='ltr'><strong><em>ὅτι</em></strong></span> <span class='ocrx_word' id='word_1_190' title='bbox 936 2661 976 2725; x_wconf 86' lang='grc' dir='ltr'><strong><em>τά</em></strong></span> <span class='ocrx_word' id='word_1_191' title='bbox 1003 2659 1040 2727; x_wconf 83' lang='grc' dir='ltr'><strong><em>ἐκ</em></strong></span> <span class='ocrx_word' id='word_1_192' title='bbox 1068 2674 1138 2730; x_wconf 84' lang='grc' dir='ltr'><strong><em>τῶν</em></strong></span> 
     </span>
     <span class='ocr_line' id='line_1_25' title="bbox 117 2765 1134 2854; baseline -0.001 -18"><span class='ocrx_word' id='word_1_193' title='bbox 117 2768 271 2854; x_wconf 84' lang='grc' dir='ltr'><strong><em>πολέμων</em></strong></span> <span class='ocrx_word' id='word_1_194' title='bbox 303 2768 453 2853; x_wconf 85' lang='grc' dir='ltr'><strong><em>λάφυρα,</em></strong></span> <span class='ocrx_word' id='word_1_195' title='bbox 486 2767 574 2833; x_wconf 83' lang='grc' dir='ltr'><strong><em>ὅσον</em></strong></span> <span class='ocrx_word' id='word_1_196' title='bbox 604 2765 646 2831; x_wconf 83' lang='grc' dir='ltr'><strong><em>δν</em></strong></span> <span class='ocrx_word' id='word_1_197' title='bbox 675 2767 756 2851; x_wconf 79' lang='grc' dir='ltr'><strong><em>ἡμῖν</em></strong></span> <span class='ocrx_word' id='word_1_198' title='bbox 785 2766 915 2853; x_wconf 82' lang='grc' dir='ltr'><strong><em>δπάρχη</em></strong></span> <span class='ocrx_word' id='word_1_199' title='bbox 944 2779 1057 2854; x_wconf 73' lang='grc' dir='ltr'><strong><em>τυχεῖν</em></strong></span> <span class='ocrx_word' id='word_1_200' title='bbox 1088 2768 1134 2835; x_wconf 89' lang='grc' dir='ltr'><strong><em>δι’</em></strong></span> 
     </span>
     <span class='ocr_line' id='line_1_26' title="bbox 78 2867 1140 2964; baseline -0.001 -22"><span class='ocrx_word' id='word_1_201' title='bbox 78 2901 104 2942; x_wconf 77' lang='grc' dir='ltr'><strong><em>τε</em></strong></span> <span class='ocrx_word' id='word_1_202' title='bbox 119 2876 250 2964; x_wconf 79' lang='grc' dir='ltr'><strong><em>ἀρετήν,</em></strong></span> <span class='ocrx_word' id='word_1_203' title='bbox 273 2876 415 2958; x_wconf 90' lang='grc' dir='ltr'><strong><em>δημόσια</em></strong></span> <span class='ocrx_word' id='word_1_204' title='bbox 434 2867 521 2938; x_wconf 79' lang='grc' dir='ltr'><strong><em>εἶναι</em></strong></span> <span class='ocrx_word' id='word_1_205' title='bbox 539 2873 666 2939; x_wconf 88' lang='grc' dir='ltr'><strong><em>κελεύει</em></strong></span> <span class='ocrx_word' id='word_1_206' title='bbox 685 2872 702 2938; x_wconf 89' lang='grc' dir='ltr'>ὁ</span> <span class='ocrx_word' id='word_1_207' title='bbox 722 2875 835 2957; x_wconf 89' lang='grc' dir='ltr'><strong><em>νόμος,</em></strong></span> <span class='ocrx_word' id='word_1_208' title='bbox 852 2871 909 2938; x_wconf 79' lang='grc' dir='ltr'><strong><em>καὶ</em></strong></span> <span class='ocrx_word' id='word_1_209' title='bbox 926 2874 1054 2939; x_wconf 82' lang='grc' dir='ltr'><strong><em>τούτων</em></strong></span> <span class='ocrx_word' id='word_1_210' title='bbox 1075 2876 1140 2962; x_wconf 85' lang='grc' dir='ltr'><strong><em>οὐχ</em></strong></span> 
     </span>
     <span class='ocr_line' id='line_1_27' title="bbox 119 2975 1141 3067; baseline -0.002 -17"><span class='ocrx_word' id='word_1_211' title='bbox 119 2984 208 3061; x_wconf 85' lang='grc' dir='ltr'><strong><em>ὅπως</em></strong></span> <span class='ocrx_word' id='word_1_212' title='bbox 230 3007 279 3059; x_wconf 91' lang='grc' dir='ltr'><strong><em>τις</em></strong></span> <span class='ocrx_word' id='word_1_213' title='bbox 299 2981 432 3063; x_wconf 84' lang='grc' dir='ltr'><strong><em>ίδιάτης</em></strong></span> <span class='ocrx_word' id='word_1_214' title='bbox 450 2981 577 3063; x_wconf 90' lang='grc' dir='ltr'><strong><em>γίνεται</em></strong></span> <span class='ocrx_word' id='word_1_215' title='bbox 595 2979 720 3065; x_wconf 91' lang='grc' dir='ltr'><strong><em>κύριος,</em></strong></span> <span class='ocrx_word' id='word_1_216' title='bbox 743 2975 814 3045; x_wconf 88' lang='grc' dir='ltr'><strong><em>ἀλλ’</em></strong></span> <span class='ocrx_word' id='word_1_217' title='bbox 834 2977 906 3044; x_wconf 83' lang='grc' dir='ltr'><strong><em>οὐδ’</em></strong></span> <span class='ocrx_word' id='word_1_218' title='bbox 925 2980 1024 3058; x_wconf 85' lang='grc' dir='ltr'><strong><em>αὐτὸς</em></strong></span> <span class='ocrx_word' id='word_1_219' title='bbox 1042 2981 1062 3047; x_wconf 88' lang='grc' dir='ltr'><strong><em>δ</em></strong></span> <span class='ocrx_word' id='word_1_220' title='bbox 1080 2991 1141 3067; x_wconf 81' lang='grc' dir='ltr'><strong><em>τῆς</em></strong></span> 
     </span>
    </p>
   </div>
   <div class='ocr_carea' id='block_1_3' title="bbox 119 3201 1158 3430">
    <p class='ocr_par' dir='ltr' id='par_1_7' title="bbox 119 3201 1158 3430">
     <span class='ocr_line' id='line_1_28' title="bbox 190 3201 1141 3277; baseline 0.001 -14"><span class='ocrx_word' id='word_1_221' title='bbox 190 3207 277 3277; x_wconf 78' lang='grc' dir='ltr'><strong><em>4την</em></strong></span> <span class='ocrx_word' id='word_1_222' title='bbox 295 3224 348 3262; x_wconf 91' lang='lat' dir='ltr'><strong><em>om.</em></strong></span> <span class='ocrx_word' id='word_1_223' title='bbox 368 3207 416 3261; x_wconf 81' lang='lat' dir='ltr'><strong><em>Ba</em></strong></span> <span class='ocrx_word' id='word_1_224' title='bbox 489 3213 522 3262; x_wconf 86' lang='lat'><strong><em>10</em></strong></span> <span class='ocrx_word' id='word_1_225' title='bbox 541 3203 559 3274; x_wconf 78' lang='grc' dir='ltr'><strong>ἢ</strong></span> <span class='ocrx_word' id='word_1_226' title='bbox 579 3201 733 3268; x_wconf 75' lang='grc' dir='ltr'><strong><em>ἐπιθέσεως</em></strong></span> <span class='ocrx_word' id='word_1_227' title='bbox 752 3204 774 3260; x_wconf 93' lang='grc'>0</span> <span class='ocrx_word' id='word_1_228' title='bbox 794 3207 946 3275; x_wconf 75' lang='lat' dir='ltr'>praeterB</span> <span class='ocrx_word' id='word_1_229' title='bbox 1020 3213 1053 3263; x_wconf 74' lang='lat'><strong><em>1⁷</em></strong></span> <span class='ocrx_word' id='word_1_230' title='bbox 1073 3209 1141 3264; x_wconf 83' lang='grc' dir='ltr'><strong><em>τού-</em></strong></span> 
     </span>
     <span class='ocr_line' id='line_1_29' title="bbox 119 3275 1158 3351; baseline 0.001 -16"><span class='ocrx_word' id='word_1_231' title='bbox 119 3281 194 3351; x_wconf 88' lang='grc' dir='ltr'><strong><em>τους]</em></strong></span> <span class='ocrx_word' id='word_1_232' title='bbox 218 3287 318 3334; x_wconf 78' lang='grc' dir='ltr'><strong><em>τουτον</em></strong></span> <span class='ocrx_word' id='word_1_233' title='bbox 336 3278 361 3330; x_wconf 83' lang='lat' dir='ltr'>A</span> <span class='ocrx_word' id='word_1_234' title='bbox 434 3284 467 3332; x_wconf 83' lang='lat'><strong><em>19</em></strong></span> <span class='ocrx_word' id='word_1_235' title='bbox 492 3276 554 3333; x_wconf 77' lang='grc' dir='ltr'><strong><em>οὐδ’</em></strong></span> <span class='ocrx_word' id='word_1_236' title='bbox 575 3277 628 3330; x_wconf 83' lang='grc' dir='ltr'><strong><em>ΑΒ</em></strong></span> <span class='ocrx_word' id='word_1_237' title='bbox 655 3278 705 3347; x_wconf 81' lang='grc' dir='ltr'><strong><em>οόχ</em></strong></span> <span class='ocrx_word' id='word_1_238' title='bbox 727 3275 872 3348; x_wconf 79' lang='lat' dir='ltr'>Kiessling</span> <span class='ocrx_word' id='word_1_239' title='bbox 892 3280 895 3342; x_wconf 95' lang='grc' dir='ltr'>Ι</span> <span class='ocrx_word' id='word_1_240' title='bbox 917 3277 1056 3333; x_wconf 84' lang='grc' dir='ltr'><strong><em>ἀκούσατε</em></strong></span> <span class='ocrx_word' id='word_1_241' title='bbox 1076 3277 1158 3336; x_wconf 77' lang='grc' dir='ltr'><strong><em>οἷονι</em></strong></span> 
     </span>
     <span class='ocr_line' id='line_1_30' title="bbox 119 3343 1141 3430; baseline 0.002 -25"><span class='ocrx_word' id='word_1_242' title='bbox 119 3349 215 3421; x_wconf 70' lang='grc' dir='ltr'><strong><em>ἕτερον</em></strong></span> <span class='ocrx_word' id='word_1_243' title='bbox 238 3349 305 3421; x_wconf 76' lang='grc' dir='ltr'><strong><em>ἡμῖν</em></strong></span> <span class='ocrx_word' id='word_1_244' title='bbox 329 3347 411 3420; x_wconf 74' lang='grc' dir='ltr'><strong><em>ἔργον</em></strong></span> <span class='ocrx_word' id='word_1_245' title='bbox 436 3347 487 3416; x_wconf 80' lang='grc' dir='ltr'><strong><em>ἔξω</em></strong></span> <span class='ocrx_word' id='word_1_246' title='bbox 511 3346 586 3430; x_wconf 53' lang='grc' dir='ltr'><strong><em>τοῦτ</em></strong></span> <span class='ocrx_word' id='word_1_247' title='bbox 608 3343 682 3402; x_wconf 79' lang='grc' dir='ltr'><strong><em>ἐστὶν</em></strong></span> <span class='ocrx_word' id='word_1_248' title='bbox 706 3348 859 3417; x_wconf 81' lang='grc' dir='ltr'><strong><em>ἀπολογίας</em></strong></span> <span class='ocrx_word' id='word_1_249' title='bbox 878 3346 1063 3421; x_wconf 75' lang='grc' dir='ltr'><strong><em>ἐστερημένον</em></strong></span> <span class='ocrx_word' id='word_1_250' title='bbox 1082 3359 1141 3407; x_wconf 84' lang='grc' dir='ltr'><strong><em>τῶν</em></strong></span> 
     </span>
    </p>
   </div>
   <div class='ocr_carea' id='block_1_4' title="bbox 119 3421 252 3492">
    <p class='ocr_par' dir='ltr' id='par_1_8' title="bbox 119 3421 252 3492">
     <span class='ocr_line' id='line_1_31' title="bbox 119 3421 252 3492; baseline -0.008 -15"><span class='ocrx_word' id='word_1_251' title='bbox 119 3421 208 3492; x_wconf 85' lang='grc' dir='ltr'><strong><em>λόγων</em></strong></span> <span class='ocrx_word' id='word_1_252' title='bbox 228 3424 252 3476; x_wconf 87' lang='grc' dir='ltr'>Α</span> 
     </span>
    </p>
   </div>
   <div class='ocr_carea' id='block_1_5' title="bbox 0 0 1227 3848">
    <p class='ocr_par' dir='ltr' id='par_1_9' title="bbox 0 0 1227 3848">
     <span class='ocr_line' id='line_1_32' title="bbox 0 0 1227 3848; baseline 0 0"><span class='ocrx_word' id='word_1_253' title='bbox 0 0 1227 3848; x_wconf 95' lang='lat' dir='ltr'><strong><em> </em></strong></span> 
     </span>
    </p>
   </div>
  </div>
 </body>
</html>
