2424 3848
15 188 164 280 ⁴152
520 193 687 242 -Η-

97 356 250 429 πλεῖστος
273 351 394 417 αὐτόθι
419 363 487 417 τῶν
512 352 735 419 Οὐολούσκων
762 351 970 437 ἐγένετοκαὶ
993 357 1114 439 χρόνος

98 467 157 542 της
183 461 390 543 τειχομαχίας
416 461 521 535 πολὺς
549 468 610 525 τοῦ
636 483 671 525 τε
698 463 874 546 κρατήσειν
900 467 959 544 τῆς
985 462 1114 537 πόλεως

99 565 224 651 ἀπορος
246 563 369 629 ἅπασιν
391 563 411 647 ἡ
436 562 534 642 ἐλπίς.
581 563 665 630 ἀλλὰ
686 575 754 630 τῶν
775 563 1014 650 ἀπολλυμένων
1032 566 1115 650 ἀδη-

100 677 161 737 λον
183 669 297 736 ’ἐποίει
327 671 390 754 την
419 669 584 737 ἀπουσίαν
615 671 634 737 δ
667 672 847 757 στρατηγὸς
878 670 1115 750 ἀντικαθιστὰς

72 774 243 862 σε’τέρους,
265 786 332 841 τῶν
355 772 392 841 δὲ
414 780 609 861 καμνόντων
627 776 861 864 παρεθάρρυνε
882 777 944 860 τὴν
962 777 1115 863 ἀθυμίαν

100 880 154 949 ἐπὶ
180 885 217 949 τὸ
245 891 374 949 πονοῦν
401 882 500 970 μέρος
525 893 583 967 της
611 893 764 969 στρατιᾶς
786 883 886 960 αὐτὸς
908 883 1115 968 ὠθούμενος.

99 985 142 1073 ἦν
175 985 206 1053 δ’
236 989 297 1074 οὐχ
330 989 348 1055 δ
384 993 483 1073 λόγος
519 989 624 1056 αὐτοῦ
658 992 764 1074 μόνον
795 988 965 1074 ἐπαγωγὸς
995 991 1045 1067 είς
1076 992 1116 1056 τὸ

99 1096 259 1180 εὔψυχον,
281 1094 365 1160 ιἰλλδι
387 1093 443 1161 καὶ
464 1096 505 1160 τὰ
524 1098 612 1181 ἔργα.
657 1096 764 1162 πάντα
781 1097 845 1182 γὰρ
863 1097 1026 1181 ὑφίστατο
1045 1101 1117 1162 κίν-

101 1204 206 1268 δυνον
228 1200 283 1267 καὶ
307 1201 464 1287 οὐδεμιᾶς
485 1205 600 1288 πείρας
627 1201 829 1288 ἀπελείφθη,
858 1201 939 1280 τέως
967 1199 1054 1268 ἕύλω
1077 1206 1117 1270 τὸ

60 1289 216 1404 ᾗτείχος.
253 1312 416 1395 κρατήσας
437 1304 475 1373 δὲ
492 1306 548 1374 καὶ
566 1310 686 1393 ταύτης
704 1311 767 1375 σύν
785 1311 895 1398 χρόνῳ
913 1317 972 1393 τῆς
988 1312 1118 1386 πόλεως

99 1412 156 1480 καὶ
174 1424 241 1481 τῶν
260 1412 410 1480 ἁλόντων
427 1417 506 1492 τοὺς
523 1410 584 1498 μὲν
602 1412 639 1479 ἐν
653 1424 774 1499 χειρῶν
792 1417 885 1502 νόμῳ
904 1415 1116 1500 διαφθείρας,

100 1522 179 1596 τοὺς
206 1517 236 1584 δ’
263 1521 489 1604 αἰχμαλώτους
517 1520 628 1605 λαβὼν
655 1510 760 1604 ἀπῆγε
786 1521 848 1604 την
877 1521 1023 1606 δύναμιν
1047 1520 1116 1587 ἐπι·
1151 1552 1160 1562 ·

101 1626 309 1712 φανεστύτην
331 1628 429 1710 νίκην
451 1624 701 1710 ἐξενεγκάμενος
723 1624 778 1691 καὶ
801 1625 935 1711 λάφυρα
957 1626 1116 1694 κάλλιστα

101 1730 157 1798 καὶ
175 1736 310 1797 πλεῖστα
328 1733 431 1816 ἀγων,
448 1734 595 1818 χρήμασί
609 1755 644 1798 τε
662 1735 876 1817 παμπόλλοις,
895 1726 943 1798 ὧν
958 1731 1136 1820 ἐγκρατὴς

63 1857 89 1898 ιε
103 1836 247 1921 ἐγένετο·
278 1833 322 1922 ἦν
352 1832 383 1903 δ’
414 1837 536 1904 αὐτόθι
565 1838 628 1904 ὅσα
659 1837 696 1904 ἐν
729 1837 844 1905 οὐδενὶ
870 1850 938 1904 τῶν
965 1838 1160 1907 διλόντωνισί

101 1947 248 2030 χωρίων·
271 1948 451 2022 πλουτίσας
473 1943 535 2027 τὴν
558 1944 723 2031 στρατιάν.

168 2050 257 2117 ΧΧΙ.
300 2052 397 2117 Μετδι
429 2060 527 2117 τοῦτο
558 2052 649 2136 χώρα
675 2048 728 2136 θ’,
760 2051 843 2135 ὅσην
873 2052 1117 2138 διαπορεύοιτο,

101 2157 291 2242 ὑποχείριος
312 2153 355 2241 ἦν
377 2155 434 2222 καὶ
455 2160 550 2234 πόλις
577 2157 716 2241 οὐδεμία
742 2157 939 2241 ἠναντιοῦτο
963 2158 1026 2236 ἐξω
1049 2163 1117 2225 Λα-

103 2265 247 2347 ουινίου,
264 2262 307 2346 ἣν
326 2262 459 2348 πρώτην
477 2285 513 2327 τε
530 2264 629 2328 πόλιν
648 2263 683 2328 οί
699 2265 763 2330 σὺν
781 2265 900 2350 Αίνείμ
917 2264 1118 2348 κατάραντες

64 2372 153 2447 νοείς
172 2367 315 2434 Ἰταλίαν
348 2371 462 2455 Τρῶες
485 2370 632 2453 ἔκτισαν,
661 2368 716 2435 καὶ
744 2366 801 2455 ἀφ’
828 2364 868 2454 ἧς
894 2373 932 2436 τὸ
950 2366 1121 2455 Ῥωμαίων

104 2473 147 2561 ἦν
170 2474 281 2559 γένος,
308 2475 352 2552 ὡς
378 2471 434 2539 καὶ
459 2478 623 2561 πρότερόν
645 2499 702 2560 μοι
730 2477 922 2560 δεδήλωται.
969 2477 1006 2541 οί
1027 2474 1057 2542 δ’
1084 2477 1120 2544 ἐν

103 2583 206 2669 ταύτη
234 2590 463 2660 κατοικοῦντες
488 2580 596 2647 πάντα
622 2585 784 2668 πρότερον
812 2580 918 2670 ρ’ίοντο
942 2583 1016 2647 δεῖν
1039 2583 1120 2650 ὑπο-

105 2688 234 2776 μένειν,
261 2688 282 2773 ἢ
310 2690 347 2754 τὸ
375 2689 458 2774 πρὸς
475 2690 553 2765 τούς
576 2687 762 2771 ἀπογόνους
789 2700 884 2774 σφῶν
908 2685 1117 2773 [Ῥωμαίους]

68 2797 223 2865 2πιστὸν
238 2793 476 2878 ἐγκαταλιπεῖν.
511 2792 665 2877 ἐγίνοντο
684 2790 746 2878 μὲν
760 2788 822 2860 οὐν
840 2791 896 2859 καὶ
913 2799 1120 2882 τειχομαχίαι

177 2951 412 3015 2πολύςοωι.Β
487 2949 688 3005 ’ίτεΒδδΕ
712 2954 716 3016 Ι
742 2949 914 3020 οὐλόγοςΒ
939 2953 944 3019 Ι
970 2945 1121 3016 ἒπδΟείς

104 3021 231 3079 Kiesslin
333 3017 591 3094 θύφίατατ<ο>Β
673 3019 789 3084 mac
808 3024 831 3076 Ο
851 3021 959 3076 correxi
1039 3029 1074 3078 10
1087 3023 1120 3078 δὲ

104 3094 221 3156 ταύταις
352 3098 385 3148 15
407 3101 463 3148 τῶν
481 3091 572 3147 ἀλλων
599 3089 706 3162 χωρίων
734 3109 756 3148 ο.
774 3090 920 3162 Kiessling
946 3101 1003 3148 τῶν
1028 3093 1122 3150 ἄλλων

104 3174 161 3220 τῶν
189 3164 314 3220 ἁλόντων
339 3181 363 3219 ο.
391 3162 521 3218 Hortlein
546 3163 663 3219 Hermes
682 3163 708 3217 X
721 3169 773 3219 417
866 3169 898 3218 17
917 3163 1012 3235 χώραν
1030 3165 1085 3220 ΑΒ
1115 3166 1120 3238 Ι

105 3236 321 3304 διαπορεύοιντο
338 3235 365 3290 A
455 3241 488 3290 19
506 3253 538 3304 γε
557 3233 580 3290 0
603 3253 634 3290 τε
652 3233 756 3289 Reiske
846 3241 880 3290 22
901 3233 996 3289 πάντα
1014 3235 1124 3363 τρόχιν

1087 3328 1126 3362 ω.

108 3377 210 3502 μιαίονς
236 3379 311 3447 quod
333 3378 364 3433 in
388 3376 575 3432 deterioribus
598 3378 694 3446 deest,
719 3377 750 3431 in
771 3376 825 3432 AB
849 3379 950 3447 exstat,
974 3377 1057 3433 uncis
1080 3379 1125 3434 in-

105 3464 178 3504 οοει

106 3308 157 3361 Ac
230 3312 265 3363 λθ
283 3306 422 3377 πογόνους
440 3306 486 3360 Ba
503 3304 660 3375 προγόνους
672 3305 748 3360 Assb
768 3322 837 3362 corr.
857 3306 980 3377 Sylburg
1005 3311 1010 3377 1
