2424 3848
551 167 716 218 ..Θ-

129 331 325 413 διεγνώκατε
355 330 402 404 είς
430 334 504 392 λσον
531 336 731 411 καταστήσαι
758 329 798 392 τά
824 329 903 412 ἐργα
926 340 996 405 τοῖς
1019 332 1143 414 λόγοις,

91 435 190 500 4οὐκ
215 433 257 498 ἀν
280 432 496 518 ἁμαρτάνοιτε
519 433 618 499 ταύτὸ
641 441 815 510 ποιοῦντες
838 431 920 517 ἐμοί.
970 432 1070 500 Ταῦτ’
1098 437 1144 500 εί-

128 542 200 606 πὼν
228 538 282 604 καί
311 541 348 604 τὸ
377 527 471 624 ξίφος
497 539 670 617 ἀνατείνας
693 541 801 623 ὤμοσε
825 541 884 609 τὸν
907 539 1086 625 ἐπιχώριόν
1108 563 1143 606 τε

123 645 293 729 Ῥωμαίοις
323 648 377 710 καί
410 646 586 730 κράτιστον
618 646 735 730 ὅρκον,
766 647 828 729 τήν
857 645 991 730 ἀγαθήν
1022 645 1144 714 ἑαυτοῦ

87 773 100 813 ο
128 757 251 835 πίστιν,
280 754 417 836 νικήσας
441 755 519 828 τοὺς
545 757 723 836 πολεμίους
749 751 841 836 ήξειν
868 755 915 829 είς
941 755 1004 836 τήν
1031 757 1143 837 πόλιν,

128 862 235 935 άλλως
263 856 293 924 δ’
317 860 366 924 οὔ.
412 869 532 924 τοῦτον
555 859 738 942 ὀμόσαντος
760 868 821 924 τοῦ
845 863 1060 943 Φλαβοληίου
1083 862 1143 925 τὸν

128 966 229 1049 ὅρκον
256 969 360 1042 πολὺς
383 965 416 1043 ἐξ
440 964 596 1030 ἁπάντων
619 967 753 1041 ἐπαινος
776 963 917 1047 ἐγένετο·
946 963 1002 1030 καὶ
1024 966 1143 1031 αὐτίκα

128 1073 163 1136 οἵ
182 1094 216 1136 τε
240 1071 358 1137 ὕπατοι
382 1070 563 1156 ἀμφότεροι
582 1072 705 1136 ταύτὸν
723 1072 832 1156 ἔδρων
850 1069 905 1136 καὶ
925 1073 960 1137 οἱ
974 1073 1032 1148 τάς
1051 1071 1142 1137 ἐλάτ-

127 1201 204 1254 τους
226 1180 357 1263 ἐχοντες
379 1180 574 1262 στρατηγίας
596 1181 765 1263 χιλίαρχοί
784 1200 818 1242 τε
841 1175 897 1243 καὶ
920 1181 1069 1263 λοχαγοί,
1091 1197 1207 1248 τε-ιῖσσ

88 1265 275 1378 15ολευτῶσα
304 1282 334 1349 δ’
361 1284 381 1367 ή
405 1285 545 1368 πληθύς.
590 1282 661 1348 ἐπεὶ
684 1280 721 1348 δὲ
743 1279 832 1349 τοῦτ’
861 1281 1008 1368 ε’γένετο,
1034 1286 1141 1368 πολλή

129 1387 190 1474 μὲν
218 1391 363 1474 εὐθυμία
391 1400 493 1455 πᾶσιν
516 1388 664 1473 ἐνέπεσε,
691 1390 796 1472 πολλή
821 1386 858 1454 δέ
881 1394 1020 1473 φιλότης
1042 1389 1142 1474 ἀλλή-

127 1501 211 1579 λων,
239 1497 368 1580 θάρσος
389 1493 417 1561 τ’
441 1492 483 1561 αὖ
506 1493 561 1561 καὶ
584 1495 694 1580 μένος
722 1494 777 1561 καὶ
801 1495 1003 1574 ἀπελθόντες
1025 1495 1062 1561 ἐκ
1085 1506 1143 1580 τῆς

127 1600 313 1686 ἐκκλησίας,
347 1604 382 1668 οί
406 1599 467 1686 μὲν
494 1604 605 1679 ἵπποις
632 1606 789 1689 χαλινοὺς
817 1601 1012 1687 ἐνέβαλλον,
1043 1604 1079 1668 οί
1104 1600 1141 1668 δὲ

127 1707 204 1790 ξίφη
232 1705 288 1772 καὶ
314 1710 433 1792 λόγχας
460 1710 601 1792 ἔθηγον,
634 1710 669 1772 οί
694 1704 731 1772 δέ
757 1709 797 1772 τά
826 1711 1047 1792 σκεπαστήρια
1073 1720 1141 1774 τῶν

88 1834 114 1872 ιε
129 1813 241 1877 ὅπλων
264 1812 451 1897 ἐξέματτον·
475 1812 531 1878 καὶ
553 1815 669 1897 ὀλίγου
690 1823 780 1880 πάσα
803 1810 845 1898 ήν
868 1813 998 1898 ἕτοιμος
1014 1817 1064 1893 είς
1082 1818 1141 1881 τὸν

91 1919 239 2003 6ἀγῶνα
262 1919 283 2002 ή
307 1922 450 2004 στρατιά.
497 1921 534 1985 οί
554 1918 583 1985 δ’
606 1921 726 1986 ὕπατοι
748 1923 826 1997 τοὺς
848 1923 950 1997 θεοὺς
971 1921 1085 2007 εὐχαῖς
1106 1945 1140 1986 τε

127 2024 181 2091 καὶ
199 2029 335 2104 θυσίαις
353 2025 408 2092 καὶ
426 2032 530 2104 λιταίς
549 2025 820 2112 ἐπικαλεσάμενοι
838 2036 895 2111 τῆς
911 2025 1030 2104 ἐξόδου
1046 2031 1141 2112 σφίσι

127 2131 284 2215 γενέσθαι
312 2133 489 2217 ἡγεμόνας,
521 2132 638 2216 ἐξῆγον
667 2133 704 2198 ἐκ
730 2144 790 2199 τοῦ
818 2126 958 2218 χάρακος
986 2133 1024 2198 ἐν
1052 2135 1141 2212 τάξει

126 2237 182 2303 καὶ
208 2243 320 2328 κόσμφ
347 2241 407 2304 τὸν
435 2242 583 2322 στρατόν.
630 2238 685 2304 καὶ
713 2240 749 2305 οί
773 2237 939 2324 Τυρρηνοὶ
967 2243 1141 2318 κατιόντας

87 2363 113 2402 20
127 2344 248 2421 αὐτοὺς
278 2344 314 2410 ἐκ
343 2357 410 2422 τῶν
440 2344 611 2430 ἐρυμάτων
643 2348 770 2423 ἰδόντες
798 2345 994 2430 ἐθαύμασάν
1021 2370 1057 2411 τε
1084 2345 1141 2412 καὶ

126 2448 366 2536 ἀντεπεξῄεσαν
389 2449 498 2536 ἁπάσῃ
520 2460 560 2535 τῇ
585 2452 733 2536 δυνάμει.

127 2569 129 2572 ’
191 2556 247 2621 XI.
274 2555 329 2634 Ὡς
347 2553 377 2621 δ’
395 2557 443 2633 είς
460 2559 497 2622 τὸ
516 2559 634 2623 πεδίον
652 2557 832 2642 ἀμφότεροι
851 2556 1065 2643 κατέστησαν,
1083 2558 1140 2624 καὶ

124 2665 162 2727 τὸ
176 2665 355 2746 πολεμικὸν
370 2662 538 2746 ἐσήμηναν
552 2665 589 2728 αί
601 2665 788 2747 σάλπιγγες,
805 2665 905 2728 ἔθεον
919 2662 1140 2742 ἀλαλάξαντες

124 2769 237 2852 ὁμόσε·
272 2767 327 2833 καὶ
356 2772 577 2852 συμπεσόντες
605 2769 760 2854 ἀλλήλοις
787 2771 896 2846 ίππείς
923 2769 1057 2836 ίππεῦσι
1084 2773 1139 2837 καί

197 3001 212 3047 2
225 2993 427 3084 ἀμάρτυιτεο.
448 2995 537 3050 Cobet
556 2995 622 3050 Obs.
640 3013 667 3066 p.
689 3003 740 3051 174
830 2998 870 3050 *2
891 2998 920 3050 et
939 3003 955 3052 8
974 2997 1005 3051 τὸ
1025 2998 1138 3053 αάτδΟ

126 3064 233 3119 correxi
304 3064 528 3135 4κάρτιστονο.
547 3066 651 3121 Reiske
719 3073 752 3122 12
770 3071 794 3122 θ
795 3066 919 3137 ράσοςΒ
991 3075 1022 3122 13
1044 3067 1138 3132 ἱππεῖς

124 3136 200 3205 Ac!
225 3131 373 3208 ἐνέβαλλον
391 3138 438 3190 Bb
458 3132 634 3210 ἐνέβαλονΙλ
708 3145 739 3192 15
759 3135 799 3192 δι’
820 3138 879 3208 ὀλίγ
881 3138 955 3193 ονΑ
1032 3146 1064 3194 17
1083 3144 1139 3194 θυ-

126 3210 198 3269 σίαις
216 3208 265 3261 καὶ
283 3211 310 3261 λι
328 3225 382 3263 om.
397 3208 444 3262 Ba
461 3210 510 3262 καὶ
528 3213 616 3270 λιταῖς
634 3225 687 3264 om.
701 3209 727 3262 A
745 3209 794 3263 καὶ
812 3211 928 3271 θυσίαις
946 3209 1067 3265 fortasse
1082 3211 1138 3267 del.

125 3296 148 3331 ο
163 3277 314 3348 Kiessling,
334 3279 384 3332 sed
402 3279 435 3334 cf.
451 3280 489 3332 IX
510 3286 550 3348 15,
570 3286 585 3334 3
658 3284 693 3334 20
712 3276 743 3334 ἐκ
762 3289 817 3334 τῶν
835 3295 924 3348 usquo
943 3281 1064 3351 δυνάμει
1082 3299 1137 3338 om.

124 3348 150 3400 A
169 3348 232 3402 add.
251 3348 330 3419 Amg
348 3366 433 3418 supra
451 3350 499 3407 lin
560 3356 592 3404 21
613 3351 784 3419 ἀντεξηεσαν
802 3352 849 3405 Ba
867 3370 902 3405 επ
921 3368 1008 3420 supra
1026 3353 1075 3408 lin
1089 3353 1138 3408 Bb

125 3415 192 3470 24
180 3426 273 3481 ιππεις
290 3439 319 3474 τε
337 3418 496 3476 ίτιπευσιΒ
