2378 3840
501 196 666 248 ,Θ-

76 351 212 437 τηκέναι
241 352 296 419 καλ
326 358 363 422 τὸ
393 356 541 433 αὔθαδες
570 359 653 444 πρὸς
682 361 760 435 τοὺς
789 360 1091 442 μεταδιδάσκοντας

76 460 271 546 φυλάττων,
296 463 402 546 [μετὰ]
428 465 587 548 αἰσχύνης
610 462 705 542 ἀξιον
726 475 843 548 πτῶμα
866 466 991 530 ἔπεσεν.
1037 457 1126 532 οἷαὸ

77 567 141 649 γάρ
169 565 202 645 ἐξ
225 567 429 652 ὑπερδεξίων
452 569 556 634 αὐτοῦ
578 572 689 635 τόπων
713 571 748 634 οί
767 568 919 654 πολέμιοι
942 572 1000 648 τὰς
1023 570 1092 650 ἐξό-

78 674 160 750 δους
183 671 334 740 ἑκάστοτε
356 676 552 759 ποιούμενοι
572 675 678 740 πολλὰ
697 674 945 761 ἐπλεονέκτουν,
968 676 1092 762 ἀγοράς

77 776 104 843 τ’
129 778 240 845 αὐτῶν
263 777 426 863 ἀγομένας
448 779 514 844 ὑπὸ
537 791 604 844 τῶν
627 778 782 867 ἐμπόρων
805 780 1015 866 ἁρπάζοντες,
1037 781 1092 847 καλ
1119 803 1131 842 τ

78 895 147 960 τοῖς
179 883 232 949 ἐπὶ
262 888 357 970 χιλὸν
385 886 405 970 ῆ
433 885 525 971 ὕδωρ
554 886 827 973 ἐκπορευομένοις
854 885 1091 972 ἐπιτιθέμενον

27 988 134 1057 εοεκαλ
157 993 375 1076 περιειστήκει
397 1000 443 1080 τῷ
467 988 528 1074 μέν
550 993 675 1083 ὑπάτω4
687 995 768 1076 μήτε
791 1003 909 1078 καιροῦ
931 989 1017 1058 εἶναι
1035 1019 1092 1059 κυ-

79 1101 158 1185 ρίῳ,
186 1096 223 1162 ἐν
250 1090 276 1184 ᾧ
305 1099 364 1163 τὸν
387 1098 501 1180 ἀγῶνα
525 1101 639 1182 ἔμελλε
661 1104 848 1182 ποιεῖσθαι,
875 1100 954 1182 μήτε
977 1103 1092 1183 τόπου,

79 1203 100 1267 ά
129 1204 223 1268 δοκεῖ
246 1203 372 1286 μεγάλα
399 1199 486 1269 εἶναι
513 1207 766 1291 κατηγορήματα
793 1204 967 1287 ῆγεμόνων
995 1222 1092 1290 στρα-

79 1313 193 1393 τηγίας
211 1308 369 1396 ἀπείρων·
388 1321 458 1387 τοῖς
476 1306 514 1375 δέ
533 1314 718 1397 Τυρρηνοῖς
736 1310 917 1395 ἀμφότερα,
936 1310 980 1387 όις
997 1309 1092 1394 ε’βού-
1107 1332 1133 1372 10

81 1419 195 1498 λοντο,
227 1411 293 1500 εἶχε
325 1427 436 1482 ταῦτα.
481 1414 536 1481 καὶ
568 1413 648 1482 οὐδὲ
679 1413 745 1482 τότ’
777 1416 1005 1500 ἀπαναστῆσαι
1032 1418 1127 1500 τήν6

81 1522 236 1606 στρατιάν
265 1522 283 1588 ό
306 1525 478 1606 Μενήνιος
499 1521 692 1608 ὑπέμεινεν,
720 1520 792 1588 ἀλλ’
819 1523 988 1606 ἐξαγαγὼν
1010 1544 1092 1610 παρ-

80 1626 193 1705 έταξεν
211 1627 255 1705 ὡς
273 1629 321 1704 είς
339 1628 459 1713 μάχην,
476 1632 732 1716 καταφρονήσας
745 1639 813 1694 τῶν
826 1630 867 1695 τά
881 1626 1093 1716 συμφέροντα

78 1732 339 1817 ὑποτιθεμένων.
374 1732 430 1799 καὶ
454 1735 489 1799 οί
509 1733 674 1821 Τυρρηνοὶ
696 1737 758 1819 τήν
781 1737 900 1803 άνοιαν
917 1746 978 1802 τοῦ
997 1751 1093 1823 στρα-

80 1849 184 1923 τηγοῦ
213 1839 296 1925 μέγα
323 1839 489 1927 εὐτύχημα
516 1841 719 1928 ῆγησάμενοι
745 1842 942 1928 κατέβαινον
971 1841 1006 1907 ἐκ
1033 1852 1093 1909 τοῦ
1109 1862 1133 1902 15

80 1946 223 2031 χάρακος
242 1947 303 2011 οὐκ
322 1946 477 2024 ἐλάττους
495 1947 515 2031 ῆ
535 1948 704 2014 διπλάσιοι
721 1959 789 2014 τῶν
807 1952 975 2032 πολεμίων
991 1951 1093 2025 ὄντες.

82 2053 127 2128 ὡς
154 2048 192 2117 δέ
219 2051 402 2118 συνέπεσον
430 2052 600 2136 ἀλλήλοις,
627 2057 732 2138 φόνος
759 2053 907 2136 ἐγίγνετο
931 2064 999 2117 τῶν
1016 2051 1125 2121 ‘Pto-7

83 2162 191 2243 μαίων
213 2163 317 2236 πολὺς
339 2160 380 2224 οὐ
404 2157 602 2243 δυναμένων
620 2158 657 2223 ἐν
675 2169 715 2244 τῆ
733 2159 821 2236 τάξει
841 2158 962 2243 μένειν.
998 2156 1092 2236 ἐξεώ-

82 2271 171 2331 θουν
206 2268 269 2351 γάρ
304 2266 425 2342 αὐτοὺς
458 2267 494 2331 οί
526 2262 692 2352 Τυρρηνοὶ
722 2274 782 2329 τοῦ
812 2288 846 2329 τε
876 2267 1002 2349 χωρίου
1032 2266 1093 2348 τήν

82 2372 186 2456 φύσιν
209 2374 339 2457 ἔχοντες
362 2373 535 2456 σύμμαχον
553 2369 609 2436 καὶ
626 2382 693 2436 τῶν
711 2369 939 2455 ἐφεστηκότων
956 2374 1095 2436 κατόπιν
1109 2392 1135 2432 20

81 2514 126 2524 -
145 2476 299 2555 ἐτάξαντο
322 2479 385 2564 γὰρ
410 2476 468 2543 ἐπλ
486 2478 593 2562 βάθος
614 2514 652 2522 -
674 2476 835 2560 ἐμπτώσει
852 2480 959 2561 πολλῆ
979 2493 1095 2561 συνερ-

30 2585 249 2667 807γούμενοι.
293 2587 463 2650 πεσόντων
492 2580 529 2648 δέ
551 2595 618 2648 τῶν
642 2582 910 2668 ἐπιφανεστάτων
934 2588 1096 2666 λοχαγῶν,

82 2689 103 2772 ἡ
139 2691 238 2773 λοιπή
275 2702 343 2755 τῶν
369 2688 539 2774 Ῥωμαίων
576 2691 716 2773 δύναμις
748 2688 924 2773 ἐγκλίνασα
956 2691 1096 2773 ἔφευγεν

84 2794 137 2861 ἐπὶ
168 2796 228 2861 τὸν
259 2796 397 2882 χάρακα·
435 2797 470 2861 οί
495 2794 526 2861 δ’
553 2796 782 2880 ἠκολούθουν,
811 2794 867 2860 καλ
893 2796 950 2872 τάς
976 2818 1011 2861 τε
1039 2811 1096 2878 ση-

83 2905 180 2985 μαίας
212 2902 323 2966 αύτῶν
356 2900 576 2987 ἀφαιροῦνται
604 2899 658 2966 καὶ
685 2905 763 2978 τοὺς
789 2903 990 2987 τραυματίας
1017 2906 1095 2966 συλ-
1110 2921 1135 2962 ει

154 3170 170 3217 2
190 3164 285 3233 *μετὰ
299 3162 432 3234 αἰσχύνης
445 3164 525 3219 ABG
545 3161 585 3225 είς
599 3162 670 3232 αίσχ,
685 3163 711 3215 R
729 3162 798 3232 μετδι
813 3162 906 3217 delevi
960 3167 976 3214 3
996 3160 1025 3216 οί
1042 3178 1096 3216 om.

84 3235 129 3288 Ba
153 3241 157 3304 1
185 3230 307 3303 ἐφόδους
332 3254 354 3290 ο.
377 3235 480 3290 Reiske
578 3241 608 3288 11
634 3234 831 3302 ἀπαναστῆναι
851 3234 873 3286 0
896 3233 1097 3302 ἀπαναστῆσαι

84 3306 216 3360 Gelenius
291 3313 322 3360 17
343 3301 453 3375 ἐγένετο
471 3306 496 3358 Α
570 3310 602 3359 18
626 3299 819 3370 ’ἐξόθοονθ
894 3309 926 3357 19
950 3322 979 3358 τε
999 3320 1052 3357 om.
1072 3304 1097 3357 A

84 3384 116 3431 21
137 3373 168 3432 ἐν
186 3378 290 3432 πτώσει
305 3376 374 3432 Bac
446 3383 480 3432 λλ
499 3376 642 3432 πεσόντων
660 3374 692 3430 δὲ
711 3379 820 3429 πολλῶν
838 3382 893 3429 τῶν
908 3369 1097 3443 ἐπιφανεστά-

83 3469 137 3502 των
156 3451 179 3503 Α
199 3453 309 3503 πολλῶν
327 3448 391 3504 add.
411 3448 486 3518 Cmg
557 3453 591 3502 λῶ
616 3447 731 3517 σημείας
748 3446 800 3500 ΑΒ
819 3444 854 3499 τά
872 3465 901 3500 τε
921 3452 1021 3516 σημεῖα
1040 3447 1061 3502 0
