2424 3848
496 201 662 254 -Θ-
1018 198 1084 263 343

71 362 219 448 μάρχονς
243 360 447 446 ἐπεκαλεῖτο,
468 364 535 446 καί,
558 367 592 427 εί
610 385 641 428 τι
664 361 784 446 άδικεῖ,
806 365 917 447 κρίσιν
940 359 993 427 ἐπὶ
1015 373 1084 427 τῶν

72 472 228 554 δημοτῶν
256 466 391 554 ὑπέχειν
421 468 524 552 ήξίου.
574 468 618 545 ὡς
649 464 681 532 δ’
714 468 756 534 οὐ
784 480 962 555 προσεῖχον
992 469 1081 556 αὐτῷ

71 578 132 642 τὸν
159 585 244 641 νοῦν
271 575 307 640 ολ
326 574 463 657 ὕπατοι,
490 573 574 638 άλλδι
597 584 667 651 τοῖς
690 573 888 661 ῥαβδούχοις
911 575 1005 658 άγειν
1027 574 1082 641 καὶ

71 683 207 748 τύπτειν
230 680 474 763 ἐπεκελεύοντο,
496 680 557 745 οὐκ
575 682 755 766 ἀνασχετὸν
772 681 980 765 ἡγησάμενος
997 677 1083 747 εἶναι

71 789 134 872 τήν
156 788 256 873 ύβριν
279 789 378 863 αὐτὸς
401 784 506 873 έαυτςῦ
529 789 646 870 ταμίας
668 795 725 869 τῆς
744 787 837 868 δίκης
854 789 987 869 γίνεται.
1023 776 1124 889 τόα3ὁ

22 914 106 962 Βσοτε
136 896 200 982 γάρ
229 905 362 981 πρῶτον
391 896 621 979 προσελθόντα
650 903 718 957 τῶν
748 891 946 979 ῥαβδούχων
974 898 1083 959 παίων

72 1004 120 1078 είς
142 1003 179 1067 τὸ
202 1004 381 1087 πρόσωπον
404 997 571 1075 ἐναντίαις
593 1010 737 1083 πυγμαῖς
757 1001 891 1074 νεανίας
908 997 963 1063 καὶ
982 998 1084 1085 ε’ρρω-

72 1106 172 1193 μένος
199 1106 283 1191 ἀνήρ
307 1103 482 1189 ἀνατρέπει
503 1103 559 1170 καὶ
581 1106 641 1170 τὸν
664 1102 717 1169 ἐπὶ
738 1105 855 1193 τούτῳ.
901 1104 1083 1190 ἀγανακτη-

72 1213 204 1279 σάντων
226 1209 264 1277 δέ
286 1223 353 1277 τῶν
377 1211 511 1276 ὑπάτων
534 1208 588 1276 καλ
611 1220 713 1276 πᾶσιν
736 1212 803 1295 ἅμα
820 1221 889 1288 τοῖς
906 1209 1084 1297 ὑπηρέταις

71 1324 272 1405 προσελθεῖν
299 1318 528 1384 κελευσάντων
556 1319 671 1383 δεινόν
697 1341 729 1382 τι
756 1328 825 1393 τοῖς
847 1327 991 1403 παροῦσι
1015 1329 1081 1384 τῶν
1096 1343 1124 1383 ιο

72 1429 260 1511 δημοτικῶν
278 1423 398 1509 ἐφάνη·
417 1421 473 1488 καὶ
491 1423 607 1488 αὐτίκα
626 1421 869 1508 συστραφέντες
887 1423 1009 1508 άῦρόοι
1027 1422 1082 1489 καὶ

71 1532 316 1616 ἀναβοήσαντες
338 1533 375 1596 τὸ
396 1531 640 1615 παρακλητικὸν
658 1538 715 1613 τής
733 1527 887 1612 άλλήλων
906 1529 1006 1616 ὀργής
1023 1534 1083 1597 τόν

71 1662 106 1703 τε
129 1642 306 1704 νεανίσκον
329 1635 515 1722 ἐξήρπασαν
537 1634 692 1713 καὶτοὺς
714 1636 922 1722 ῥαβδούχους
945 1635 1084 1723 άπέστη-

71 1762 135 1811 σαν
156 1748 310 1833 παίοντες
331 1741 387 1808 καὶ
409 1747 622 1819 τελευτῶντες
644 1739 697 1807 ἐπλ
715 1745 794 1820 τοὺς
811 1743 956 1820 ὑπάτους
975 1744 1084 1830 ὥρμη-

71 1868 152 1936 σαν,
173 1849 228 1916 καὶ
251 1851 282 1915 εί
303 1851 347 1934 μή
370 1851 603 1925 καταλιπόντες
626 1847 747 1915 ἐκεῖνοι
769 1851 831 1934 τήν
854 1849 980 1935 άγοράν
1002 1853 1083 1936 ἔφυ·
1097 1874 1123 1915 15

70 1981 146 2041 γον,
164 1955 345 2039 ἀνήκεστον
362 1957 405 2020 άν
422 1977 454 2019 τι
472 1957 575 2021 κακὸν
591 1953 831 2039 ἐξειργάσαντο.
860 1955 895 2020 ἐκ
910 1953 947 2020 δὲ
961 1959 1081 2023 τούτου
1096 1967 1118 2029 4

71 2063 249 2144 διειστήκει
271 2069 359 2126 πᾶσα
381 2060 402 2143 ή
425 2064 531 2143 πόλις,
553 2058 608 2124 καλ
631 2060 667 2124 ολ
686 2058 767 2136 τέως
788 2059 1006 2145 ἡσυχάζοντες
1024 2063 1082 2145 δή-

70 2191 191 2254 μαρχοι
220 2163 287 2233 τότ’
318 2166 496 2252 ἠγριοῦντο
525 2162 581 2231 καὶ
609 2175 676 2229 τῶν
703 2164 838 2230 ὑπάτων
866 2168 1083 2250 κατηγόρουν.

69 2275 288 2361 περιειστήκει
310 2294 345 2337 τε
367 2272 388 2355 ή
410 2271 487 2357 περὶ
509 2281 567 2355 τῆς
588 2272 787 2356 κληρουχίας
810 2269 923 2346 στάσις
945 2273 992 2346 είς
1015 2269 1081 2335 έπε-

70 2406 132 2469 ρον
156 2383 289 2465 μείζονα
312 2380 382 2461 [διά
404 2381 476 2460 τὸν]
500 2375 583 2463 ὑπὲρ
606 2387 666 2443 τοῦ
689 2380 816 2460 κόσμου
839 2385 896 2459 τῆς
917 2380 1082 2454 πολιτείας
1095 2404 1122 2442 εο

22 2487 192 2571 εσιάγῶνα.
239 2487 274 2552 οί
302 2487 363 2570 μέν
392 2510 430 2568 γε
458 2489 624 2570 πατρίκιοι
652 2495 722 2560 τοῖς
750 2482 887 2560 ὑπάτοις
914 2485 958 2560 ὡς
985 2506 1082 2549 κατα-

71 2591 235 2676 λυομένης
265 2592 375 2658 αὐτῶν
403 2601 461 2676 τῆς
490 2592 640 2671 ἐξουσίας
670 2600 996 2674 συναγανακτοῦντες
1022 2593 1081 2656 τὸν
1116 2672 1120 2680 Ι

71 2699 239 2782 ἐπιβαλεῖν
271 2697 426 2784 <χεῖρας>
457 2707 526 2774 τοῖς
556 2695 733 2783 ὑπηρέταις
764 2698 972 2779 τολμήσαντα
999 2697 1081 2763 κατά

69 2812 219 2891 κρημνοῦ
242 2807 357 2887 βαλεῖν
379 2800 505 2886 ἠξίουν.
543 2804 578 2868 ολ
594 2799 632 2868 δὲ
650 2801 822 2887 δημοτικοὶ
841 2802 1116 2886 συστρέψαντεςῖ)

69 2911 191 2988 αὑτούς
212 2912 381 2993 κατεβόων
403 2931 438 2973 τε
461 2907 517 2973 καὶ
539 2910 798 2994 παρεκελεύοντο
820 2910 863 2993 μή
882 2911 1080 2995 προδιδόναι
1094 2933 1121 2973 κε

142 3108 230 3170 ῦτής
248 3102 328 3169 δίκης
346 3100 452 3157 add.ss
538 3105 647 3154 9πᾶσι
663 3107 722 3163 τοῖς
739 3101 786 3155 Ba
872 3107 906 3156 10
928 3121 955 3154 τι
974 3100 1080 3155 add.B

70 3180 104 3228 18
122 3171 314 3297 ἠγρκορβντο
333 3170 379 3224 Bb
436 3176 469 3225 19
488 3170 582 3234 στάσις
600 3171 664 3227 add.
680 3170 753 3240 Omg
772 3174 801 3225 et
820 3170 940 3239 Sylburg
960 3174 965 3240 Ι
986 3169 1081 3238 ἕτερον

70 3244 93 3299 0
113 3238 212 3314 ἑτέραν
256 3240 375 3312 iessling
446 3247 480 3296 20
499 3244 593 3311 μεῖζον
612 3244 677 3314 Bal
697 3242 746 3296 διὰ
764 3243 813 3296 τὸν
832 3241 887 3295 del.
907 3240 995 3295 Cobet
1008 3241 1080 3296 ¹Obs.

68 3333 95 3384 p.
117 3319 168 3370 180
276 3318 310 3366 23
340 3312 498 3385 ἐπιβάλλειν
520 3312 597 3366 ABb
626 3309 769 3386 ἐπιβαλεῖν
792 3311 842 3374 τάς
864 3317 958 3381 χεῖρας
976 3318 1034 3374 τοῖς
1057 3328 1080 3366 ο.

68 3385 173 3441 Reiske
199 3380 343 3456 ἐπιβαλεῖν
366 3391 461 3455 χεῖρας
482 3404 505 3437 τ.
530 3400 553 3437 ο.
573 3381 662 3438 Cobet
682 3383 747 3439 Obs.
766 3402 793 3453 p.
815 3388 864 3436 181
972 3388 1007 3437 25
1031 3384 1083 3437 αῦ-

68 3457 134 3519 τοὺς
151 3456 173 3511 Β
