2424 3848
526 171 686 220 -Ζ-
1072 169 1115 234 97

95 350 170 405 νιος
193 327 229 393 ἐκ
250 334 375 413 πολλῆς
398 327 658 413 ἐπιμελείαςκαὶ
681 340 905 415 παρασκευῆς,
927 328 1030 395 πάνθ’
1054 330 1116 397 ὅσα

95 435 250 520 πράττων
273 435 304 520 ἣ
317 434 424 520 λέγων
447 436 465 502 ὁ
489 436 574 522 ἀνὴρ
604 436 685 501 κατὰ
712 445 772 502 τοῦ
801 438 908 519 δήμου
932 436 1116 503 διετέλεσεν

95 545 144 619 είς
162 545 370 627 κατασκευὴν
387 545 588 629 τυραννίδος
605 541 795 630 ἀναφέρων·
820 545 930 608 ἔπειτα
946 541 1013 628 μετ’
1034 543 1116 610 ἐκεῖ·

94 672 159 715 νον
183 650 220 715 οἱ
240 650 463 715 δυνατώτατοι
486 660 552 715 τῶν
576 649 755 734 δημαρχων
777 650 892 714 είπεῖν.

163 755 268 820 LXII.
300 752 355 831 Ὡς
387 750 425 819 δέ
455 752 642 840 παρέλαβεν
675 754 693 820 ὁ
725 754 879 839 Μάρκιος
910 757 969 821 τὸν
1001 759 1115 841 λόγον,
1141 783 1155 824 ι

95 861 280 948 ἀρξάμενος
307 861 441 925 ἀνωθεν
468 859 533 926 ἀπὸ
561 869 618 945 της
644 862 775 946 πρώτης
801 861 930 944 ἡλικίας
962 863 1115 947 διῆλθεν,

96 968 179 1045 ὅσας
197 965 453 1052 ἐστρατευμένος
470 962 513 1050 ην
532 962 616 1052 ὑπὲρ
634 977 693 1052 τῆς
709 970 837 1043 πόλεως
855 973 1036 1052 στρατείας,
1059 967 1116 1034 καὶ

96 1074 198 1151 ὅσους
221 1074 364 1159 εἰληφώς
386 1072 567 1150 ἐπινικίους
589 1073 678 1158 παρὰ
700 1084 767 1138 τών
786 1084 977 1160 στρατηγῶν
997 1075 1115 1161 στεφά-

95 1204 179 1257 νους
209 1183 378 1264 πολεμίων
408 1203 443 1244 τε
475 1182 554 1256 τοὺς
585 1178 774 1264 ληφθέντας
800 1182 1028 1264 αίχμαλώτους
1054 1179 1111 1246 ὑπ’

39 1286 202 1353 458αώτοῦ
229 1283 285 1352 καὶ
310 1291 455 1352 πολιτών
482 1288 560 1362 τοὺς
588 1284 814 1363 διασωθέντας
841 1284 878 1351 ἐν
905 1297 974 1364 τοῖς
997 1286 1115 1371 ἀγώσι’
1130 1317 1156 1357 ιο

93 1390 152 1458 καὶ
179 1389 256 1477 παρ’
285 1391 423 1458 ἕκαστον
450 1405 517 1458 τών
545 1390 734 1477 λεγομένων
761 1393 801 1458 τά
828 1390 855 1457 τ’
883 1391 1031 1477 ἀριστεία
1060 1393 1115 1459 ἐπ-

94 1501 268 1565 εδείκνυτο
290 1497 346 1564 καὶ
364 1503 442 1577 τοὺς
460 1501 664 1586 στρατηγοὺς
682 1499 851 1584 μάρτυρας
868 1502 1041 1585 παρείχετο
1060 1499 1116 1566 καὶ

94 1616 164 1671 τῶν
195 1610 342 1671 πολιτῶν
373 1608 451 1682 τοὺς
483 1603 711 1682 διασωθέντας
741 1604 775 1683 ἐξ
805 1592 967 1690 Ιὀνόματος
997 1606 1115 1672 έκοίλει.

95 1713 132 1777 οί
152 1708 191 1776 δέ
214 1707 385 1798 παρῄεσαν
408 1711 654 1797 ὀλοφυρόμενοι
677 1709 733 1776 καὶ
756 1701 1000 1796 δεόμενοιτών
1021 1719 1150 1791 πολι-2

94 1828 181 1903 τῶν,
208 1819 253 1902 μη
281 1819 341 1883 τὸν
368 1824 482 1884 αίτιον
503 1822 598 1904 σφίσι
622 1827 680 1903 τῆς
703 1823 866 1904 σωτηρίας
889 1819 933 1897 ώς
954 1817 1115 1904 πολέμιον
1129 1848 1155 1890 15

95 1923 273 2014 ἀπολέσαι,
300 1928 379 2008 μίαν
407 1921 435 1988 τ’
459 1923 533 1990 ἀντὶ
554 1929 689 1990 πολλῶν
711 1926 823 2010 ψυχὴν
846 1924 1116 2009 αίτούμενοικαὶ

94 2033 337 2119 παραδιδόντες
360 2029 497 2108 ἑαυτοὺς
520 2028 590 2096 ἀντ’
615 2029 744 2096 ἐκείνου
766 2038 924 2117 χρῆσθαι,
947 2031 1013 2095 ὅτι
1036 2033 1115 2115 βού-

95 2144 222 2205 λονται.
268 2132 353 2220 ἦσαν
382 2135 412 2202 δ’
440 2137 475 2202 οί
500 2142 635 2214 πλείους
658 2137 768 2204 αὐτων
792 2136 840 2202 ἐκ
850 2148 911 2204 τοῦ
934 2139 1116 2223 δημοτικοῦ

94 2241 217 2328 γένους
238 2241 294 2308 καὶ
316 2244 423 2309 πολλὰ
445 2252 491 2332 τῷ
515 2252 617 2330 κοινῷ
641 2238 856 2330 χρήσιμοι
834 2268 883 2308 ων
900 2243 958 2321 τας
976 2267 995 2308 τ
995 2241 1116 2323 ’ὄψεις

94 2348 242 2427 καὶτὰς
273 2323 401 2432 δεήσεις
429 2347 473 2415 δι’
501 2374 521 2415 α
523 2350 659 2435 ίσχώνης
688 2350 705 2416 ὁ
735 2352 839 2434 δημος
864 2351 1100 2435 λαμβάνωνί
1068 2374 1155 2428 εςιο

95 2464 229 2534 οίκτους
255 2455 310 2521 καλ
339 2457 467 2542 δάκρυα
490 2455 655 2543 ἐτράπετο.
701 2456 746 2533 ως
768 2452 806 2521 δ
828 2455 884 2521 καλ
906 2459 968 2541 την
991 2456 1149 2541 έσδῆταῖ)

95 2563 288 2648 δΜώρκιος
309 2561 590 2650 περιρρηξάμενος
613 2561 800 2641 ἐπεδείξατο
821 2565 861 2627 τδι
880 2561 998 2648 στέρνα
1016 2586 1115 2648 τραυ-

95 2671 211 2755 μιίτων
241 2670 342 2754 μεστδι
370 2667 427 2735 καὶ
454 2677 521 2734 πᾶν
551 2671 614 2751 [τὸ]
643 2670 725 2735 ἀλλο
753 2667 851 2754 μέρος
878 2679 937 2734 τοῦ
965 2669 1115 2754 σώματος

94 2774 272 2841 ἀνάπλεων
299 2786 366 2840 τών
393 2779 546 2859 πληγῶν,
578 2772 634 2840 καὶ
662 2773 820 2858 ἐπύθετο,
852 2776 884 2838 εί
910 2785 977 2839 τῶν
1004 2774 1115 2840 αὐτῶν

39 2881 288 2968 ίοεάνθρώπων
318 2884 397 2968 ἔργα
426 2876 512 2946 εἶναι
541 2883 714 2964 νομίζουσι
745 2881 860 2959 σώζειν
890 2875 952 2963 μὲν
981 2879 1017 2946 ἐκ
1047 2892 1114 2946 τών
1129 2907 1155 2948 ιι

93 2986 250 3073 πολέμων
277 2990 355 3064 τοὺς
381 2991 531 3071 πολίτας,
561 2987 747 3053 ἀπολλύναι
775 2983 811 3052 δέ
838 2989 916 3063 τοὺς
944 2985 1116 3065 σωθέντας

95 3094 132 3161 ἐν
161 3096 291 3181 είρηνη·
321 3091 376 3159 καλ
403 3096 435 3159 εί
455 3096 638 3179 τυραννίδα
661 3096 983 3178 κατασκευαζόμενός
1005 3117 1054 3170 τις
1076 3096 1114 3159 τὸ

93 3203 277 3287 δημοτικὸν
305 3199 436 3266 ἐλαύνει
464 3198 562 3286 μέρος
590 3199 625 3265 ἐκ
653 3203 795 3283 πόλεως,
826 3195 884 3286 ὑφ’
912 3195 953 3265 οὗ
980 3196 1109 3285 μάλιστ’

169 3433 202 3483 13
222 3424 366 3490 σωθέντας
383 3427 406 3480 Β
479 3434 512 3483 23
531 3428 563 3482 τὸ
583 3426 637 3481 del.
656 3425 760 3481 Reiske
832 3430 866 3482 2⁷
885 3447 927 3489 τις
945 3443 999 3482 om.
1018 3427 1041 3480 B

80 3550 84 3558 ·
149 3528 249 3570 mom.
263 3527 328 3566 Eu.
342 3526 386 3568 111.
409 3538 449 3568 τι).
462 3528 564 3568 JAoon.
937 3522 953 3570 Ἰ
