2424 3848
531 187 693 236 -z-
1075 184 1118 249 23

102 343 262 428 γενέσθαι
284 343 452 430 Ῥωμαίων
480 347 590 434 κληρφ
618 346 680 429 την
708 345 840 430 έξοδον,
872 346 954 411 κατὰ
982 341 1019 412 δὲ
1050 357 1118 412 τῶν

101 454 290 537 λαχόντων,
321 453 352 515 εί
382 452 427 535 μὴ
459 450 593 535 ἐξίοιεν,
625 451 767 536 χαλεπάς
794 448 849 516 καὶ
877 451 1117 539 ἀπαραιτήτους

99 555 247 642 θεμένης
274 559 393 641 ζημίας.
432 551 530 633 οὗτός
556 580 590 622 τε
619 557 660 640 δὴ
684 557 702 623 δ
727 560 844 635 στόλος
866 560 913 635 είς
937 559 1118 646 Οὐελίτρας

24 663 262 749 1344εὐπρεπεῑ
291 663 417 750 ἀνάγκη
449 661 674 748 καταληφθεὶς
706 663 889 749 ἀπεστάλη,
921 662 976 730 καὶ
1008 665 1117 752 ἕτερος

98 765 203 846 αὖθις
226 769 268 836 οὐ
290 775 427 846 πολλαῖς
448 767 585 855 ἡμέραις
606 769 747 855 ὕστερον
771 772 818 847 είς
836 772 984 858 Νώρβαν
1007 775 1116 856 πόλιν,
1143 794 1157 835 ι

98 877 120 960 ἥ
145 875 216 941 έστι
239 883 299 941 τοῦ
321 878 478 940 Λατίνων
501 877 624 950 ἔθνους
646 874 708 939 οὐκ
731 873 866 960 ἀφανής.

167 980 276 1046 ΧΙΠΙ.
311 978 458 1064 Ἐγένετο
492 975 522 1044 δ’
555 976 656 1045 οὐδὲν
691 991 759 1046 τῶν
790 980 826 1047 ἐκ
858 988 1020 1068 λογισμοῦ
1047 996 1116 1063 τοῖς

98 1091 286 1173 πατρικίοις
303 1087 385 1153 κατά
404 1095 488 1170 γοῦν
507 1087 568 1170 τὴν
586 1085 703 1151 έλπίδα
722 1090 890 1172 λωφήσειν
907 1091 970 1174 τὴν
988 1090 1116 1174 στάσιν,

99 1192 174 1260 ἀλλ’
206 1195 242 1259 οί
266 1190 536 1280 περιλειφθέντες
563 1194 610 1257 έτι
636 1197 768 1278 χείρους
794 1205 865 1271 ταῖς
892 1195 1007 1280 ὀργαῖς
1029 1192 1115 1281 ἦσαν

98 1298 156 1366 καὶ
183 1305 290 1385 πολλῇ
317 1308 356 1385 τῇ
383 1303 528 1383 καταβοῇ
551 1309 618 1363 τῶν
645 1302 836 1382 βουλευτῶν
863 1299 1006 1386 ἐχρῶντο
1034 1303 1116 1367 κατά
1131 1327 1157 1366 ιο

99 1431 134 1472 τε
163 1406 353 1492 συστροφὰς
378 1402 434 1470 καὶ
462 1401 621 1490 ἑταιρίας,
653 1404 760 1487 ὀλίγοι
790 1401 852 1489 μέν
879 1410 1051 1485 συνιόντες
1077 1411 1114 1474 τὸ

98 1523 250 1596 πρῶτον,
278 1508 376 1577 ἔπειτ’
409 1511 532 1596 ἀθρόοι
565 1508 811 1597 συντονωτέρας
841 1514 905 1597 ἢδη
938 1512 1115 1600 γινομένης

97 1629 158 1704 τῆς
184 1619 323 1703 ἀπορίας
349 1614 405 1683 καὶ
437 1618 684 1703 συνδραμόντες
710 1619 759 1694 είς
786 1619 847 1702 τὴν
879 1618 1006 1706 ἀγοράν
1037 1624 1115 1699 τοὺς

65 1708 73 1720 ’
99 1717 292 1810 δημάρχους
319 1723 435 1807 ε’βόων.
473 1727 696 1809 συναχθείσης
726 1721 756 1788 δ’
783 1721 839 1789 ὑπ’
866 1725 976 1793 αὐτῶν
1000 1727 1149 1814 έκκλη-2

98 1836 173 1908 σίας
199 1830 378 1916 παρελθὼν
401 1833 549 1916 Σπόριος
572 1833 738 1914 Σικίνιος,
766 1830 803 1907 ὃς
829 1826 872 1915 ἦν
894 1842 955 1899 τοῦ
978 1834 1112 1921 ἀρχείου
1127 1856 1154 1897 15

95 1941 171 2005 τότε
194 1938 342 2022 ἡγεμών,
369 1935 467 2013 αὐτός
494 1959 528 2001 τε
556 1940 661 2013 πολὺς
687 1939 775 2022 ἔρρει
802 1939 883 2003 κατά
910 1949 968 2023 τῆς
989 1945 1114 2025 βουλῆς

95 2044 211 2122 αὔξων
239 2044 284 2120 ὡς
310 2039 438 2128 μάλιστ’
473 2041 553 2128 ένην
579 2045 638 2108 τὸν
666 2039 737 2108 κατ’
764 2044 865 2129 αὐτῆς
886 2049 1031 2130 φθόνον,
1058 2046 1114 2114 καὶ

94 2155 177 2228 τοὺς
200 2152 322 2227 ἀλλους
343 2149 438 2233 ηξίου
462 2148 571 2233 λέγειν
594 2149 615 2214 ἀ
637 2160 824 2236 φρονοῦσιν
852 2153 899 2228 είς
925 2154 962 2218 τὸ
985 2156 1112 2238 κοινόν,
1171 2213 1174 2217 ,

25 2259 241 2344 134ομάλιστα
270 2252 307 2322 δέ
334 2258 394 2322 τὸν
421 2258 576 2320 Σικίνιον
602 2253 658 2320 καὶ
685 2258 744 2321 τὸν
771 2259 923 2342 Βροῦτον
950 2257 1112 2345 ἀγορανό-

94 2389 183 2451 μους
208 2359 277 2429 τότ’
303 2364 401 2440 όντας
428 2361 604 2427 ἀνακαλῶν
632 2359 786 2447 ἑκάτερον
814 2362 847 2440 έξ
871 2363 1048 2451 ὀνόματος,
1079 2371 1153 2438 οδω

93 2469 153 2538 καὶ
176 2479 234 2554 τῆς
256 2471 387 2556 πρώτης
408 2467 618 2545 ἀποστάσεως
640 2478 685 2557 τῷ
709 2469 802 2558 δήμω
825 2465 946 2555 ἧρξαν,
973 2470 1028 2538 καὶ
1050 2475 1112 2557 την

94 2576 305 2662 δημαρχικὴν
328 2575 482 2654 ἐξουσίαν
505 2574 758 2659 είσηγησάμενοι
776 2586 900 2662 πρῶτοι
921 2578 1022 2662 αὐτῆς
1040 2582 1111 2644 ἔτυ-

93 2708 168 2771 χον.
208 2684 432 2768 παρελθόντες
455 2678 486 2746 δ’
512 2676 606 2746 οὗτοι
633 2684 711 2758 τοὺς
737 2685 1022 2767 κακοηθεστάτους
1044 2690 1146 2754 τῶν3

93 2794 208 2874 λόγων
236 2787 272 2853 έκ
299 2793 425 2854 πολλοῦ
451 2785 754 2873 παρεσκευασμένοι
783 2787 972 2874 διεξῄεσαν,
999 2790 1112 2869 ἀτοίς

91 2900 233 2972 πολλοῖς
260 2894 394 2960 ἀκούειν
421 2888 464 2978 ἦν
493 2892 726 2978 βουλομένοις,
756 2894 800 2970 ὡς
828 2893 864 2959 ἐκ
890 2899 1049 2980 προνοίας
1076 2921 1109 2962 τε
1124 2915 1152 2956 ιι

91 3001 151 3070 καί
176 3001 354 3086 ἐπιβουλῆς
375 3000 440 3066 ὑπὸ
467 3010 534 3065 τῶν
560 3004 727 3067 πλουσίων
755 2998 883 3084 γένοιθ’
909 3000 930 3084 ἡ
952 2999 1029 3086 περὶ
1050 3005 1110 3070 τὸν

166 3227 323 3285 θάλλοιΒ
423 3232 456 3281 10
475 3222 664 3298 έχ.ρῶντοΒ
765 3222 1107 3303 11έτ<αι>ρ<ί>αςΒΙ

91 3299 323 3374 συυ<ι>όντεςΒ
402 3306 434 3354 12
453 3299 602 3369 γινομένης
621 3298 643 3350 Β
661 3295 813 3367 γενομένης
831 3299 857 3352 R
933 3305 966 3354 15
985 3300 1110 3371 Σπόριος

87 3373 201 3433 Ἰκίλιος
219 3369 371 3439 legendum
389 3386 450 3424 esse
471 3370 592 3439 Sylburg
611 3370 708 3422 censet
771 3374 804 3424 21
824 3377 873 3440 της
891 3386 945 3425 om.
965 3373 1010 3425 Ba
1073 3377 1107 3425 22

91 3440 315 3515 δομαε<κυ>ὴν
332 3441 354 3493 Β
