2424 3848
539 176 700 225 -Ζ-
1087 173 1129 238 13

111 337 272 423 κρατικην
304 335 571 417 καταστήσωνται
600 337 779 400 πολιτείαν.
830 332 979 419 ἀσμένως
1006 332 1043 400 δὲ
1068 337 1165 402 τοῦ2

113 445 296 527 δημοτικοῦ
318 438 375 508 καί
397 451 547 527 πονηροῦ
567 445 720 525 πλήθους
737 443 799 526 την
818 440 969 527 ἁρπαγὴν
987 452 1055 507 τῶν
1073 442 1130 508 ἀλ-

112 553 256 637 λοτρίων
282 547 463 633 δεξαμένου
486 548 599 631 λαβὼν
620 548 681 631 την
704 547 930 634 αὐτοκράτορα
948 547 1053 635 ἀρχὴν
1073 549 1131 613 αύ-

112 660 168 733 τὸς
198 653 277 740 παρ’
310 653 430 722 ἑαυτοῦ
463 653 576 740 ἕτερον
609 652 758 741 ἐπιφέρει
788 656 973 739 βούλευμα,
1009 653 1052 719 δι’
1090 651 1131 722 οὗ

113 761 430 848 παρακρουσάμενος
457 759 578 836 αὐτοὺς
605 758 760 825 ἁπάντων
783 759 935 844 ἀφείλετο
958 761 1018 844 την
1042 760 1131 827 ἐλευ-
1159 785 1173 827 ι

58 871 245 953 ιειθθερίαν.
283 867 493 951 σκηψάμενος
514 866 578 950 γάρ
602 865 800 932 ὑποπτεύειν
822 868 964 953 ταραχάς
980 866 1037 933 καὶ
1055 866 1096 933 ἐπ
1118 908 1132 918 -

115 973 289 1048 ναστάσεις
317 971 354 1037 ε’κ
379 982 447 1036 τῶν
474 973 645 1037 πλουσίων
672 974 720 1048 είς
746 974 824 1048 τοὺς
851 974 1049 1057 δημοτικοὺς
1077 975 1132 1039 διά

116 1083 175 1146 τὸν
197 1078 394 1160 ἀναδασμὸν
416 1085 474 1160 τῆς
496 1085 556 1161 γῆς
577 1076 633 1142 καί
654 1078 713 1155 τάς
733 1089 801 1143 τῶν
825 1080 967 1144 δανείων
990 1077 1133 1165 ἀφέσεις,

116 1189 172 1252 ἵνα
192 1187 236 1270 μη
256 1181 387 1267 γένοιτο
406 1187 548 1268 πόλεμος
566 1183 726 1269 ἐμφύλιος
743 1181 827 1268 μηδὲ
846 1188 946 1270 φόνοι
959 1189 1134 1270 πολιτικοί,

118 1295 197 1376 μίαν
221 1290 388 1376 εὑρίσκειν
412 1291 473 1374 ἐφη
496 1288 577 1375 πρὶν
600 1291 646 1366 είς
664 1291 704 1354 τά
723 1291 818 1355 δεινά
837 1282 950 1355 ἐλθεῖν
969 1293 1134 1377 φυλακην,
1148 1315 1174 1355 ιο

118 1401 149 1463 εί
170 1398 212 1462 τά
235 1396 320 1461 ὅπλα
342 1394 600 1481 προενέγκαντες
624 1395 659 1460 ἐκ
682 1407 749 1461 τῶν
772 1399 887 1462 οἰκιῶν
906 1398 1048 1474 ἅπαντες
1065 1408 1135 1474 τοῖς

118 1510 213 1580 θεοῖς
243 1503 499 1586 καθιερώσειαν,
531 1504 587 1566 ἵνα
616 1503 697 1567 κατά
724 1513 791 1567 τῶν
818 1502 945 1581 ἔξωθεν
972 1502 1134 1569 ἐπιόντων
1159 1508 1164 1515 ’

118 1612 287 1693 πολεμίων
317 1611 424 1694 ἔχοιεν
454 1607 582 1692 αὐτοῖς,
609 1608 692 1682 ,όταν
722 1607 848 1692 ἀνάγκη
878 1633 928 1686 τις
955 1604 1134 1697 καταλάβῃ,

119 1721 266 1802 χρῆσθαι
295 1712 350 1778 καί
377 1715 421 1798 μη
448 1710 526 1779 καθ’
554 1712 695 1798 ἑαυτῶν,
727 1722 859 1780 κεῖσθαι
887 1712 918 1779 δ’
945 1716 1028 1782 αὐτά
1055 1716 1170 1851 τέως3

119 1821 211 1906 παρὰ
232 1831 303 1896 τοῖς
320 1826 415 1896 θεοῖς
433 1818 470 1884 ε’ν
488 1825 587 1907 καλςό.
624 1820 669 1896 ὡς
687 1816 724 1884 δὲ
742 1819 798 1886 καί
815 1819 903 1887 τοῦτ’
921 1821 1135 1908 ἐπείσθησαν,
1151 1861 1176 1902 15

119 1927 315 2010 αὐθημερὸν
349 1924 504 1991 ἁπάντων
535 1928 758 2011 παρελόμενος
788 1930 950 2011 Κυμαίων
981 1929 1021 1993 τά
1051 1929 1136 1994 όπλα

119 2045 193 2108 ταῖς
216 2030 289 2116 ἑξῆς
310 2029 446 2118 ἡμέραις
468 2034 607 2117 ἔρευναν
631 2031 772 2098 ε’ποιεῖτο
795 2043 862 2098 τῶν
881 2035 1006 2117 οἰκιῶν,
1030 2033 1066 2099 ἐν
1085 2025 1137 2110 αἷς

120 2141 266 2214 πολλοὺς
288 2135 343 2202 καὶ
366 2137 516 2220 ἀγαθοὺς
537 2137 731 2215 ἀποκτείνας
749 2149 816 2204 τῶν
834 2138 990 2222 πολιτῶν,
1013 2139 1057 2216 ὡς
1075 2139 1136 2225 οὐχ

121 2247 251 2310 άπαντα
275 2255 344 2320 τοῖς
365 2250 460 2320 θεοῖς
483 2242 719 2321 ἀποδείξαντας
740 2245 781 2309 τά
805 2245 905 2327 όπλα,
932 2246 1013 2329 μετὰ
1033 2257 1138 2312 ταῦτα

121 2356 288 2437 φυλακαῖς
309 2347 395 2435 τρισὶ
419 2350 613 2436 κρατύνεται
635 2352 695 2435 την
718 2352 913 2436 τυραννίδα·
944 2346 991 2418 ὧν
1013 2347 1056 2437 ἦν
1079 2357 1138 2437 μία
1153 2373 1179 2414 το

122 2452 184 2540 μὲν
208 2454 245 2520 ἐκ
265 2464 334 2520 τῶν
356 2455 601 2541 ῥυπαρωτάτων
626 2458 673 2536 [τε
697 2455 752 2521 καί
774 2458 1021 2542 πονηροτάτων]
1044 2465 1139 2525 πολι·

55 2573 204 2645 ιεεοτῶν,
226 2559 302 2646 μεθ’
325 2557 373 2628 ὧν
396 2559 553 2627 κατέλυσε
576 2563 638 2646 την
661 2561 936 2649 ἀριστοκρατικὴν
958 2569 1139 2647 πολιτείαν,

124 2664 218 2752 ἑτέρα
242 2661 272 2732 δ’
292 2667 328 2732 ἐκ
345 2680 412 2734 τῶν
431 2667 664 2735 ἀνοσιωτάτων
683 2671 826 2755 δούλων,
849 2670 908 2747 οὓς
927 2671 1025 2747 αὐτὸς
1043 2671 1139 2753 ἠλευ-

124 2770 276 2859 θέρωσεν
298 2773 555 2852 ἀποκτείναντας
572 2777 650 2852 τοὺς
668 2776 778 2842 αὑτῶν
797 2778 968 2858 δεσπότας,
990 2778 1081 2859 τρίτη
1102 2770 1139 2838 δὲ

125 2882 335 2964 μισθοφόρος
358 2879 393 2945 ἐκ
414 2892 482 2945 τῶν
507 2880 718 2966 ἀγριωτάτων
737 2882 928 2967 βαρβάρων·
952 2875 1045 2945 οὗτοι
1068 2881 1138 2944 δισ-
1153 2898 1179 2940 εε

125 2988 243 3070 χιλίων
266 2985 328 3051 οὐκ
351 2985 506 3063 ἐλάττους
529 2982 615 3071 ἦσαν
638 2986 693 3052 καὶ
716 2988 756 3052 τά
777 2986 917 3069 πολέμια
941 2994 1054 3074 μακρῷ
1072 2997 1139 3052 τῶν

198 3146 213 3194 1
233 3141 456 3209 καταστήσονται
473 3142 547 3198 Bbo
603 3149 634 3196 11
655 3145 670 3178 *
688 3140 947 3211 προενεγκόντεςΟ
971 3143 976 3209 Ι
1002 3138 1141 3216 οίκ<ι>ῶν

129 3217 161 3264 13
184 3210 314 3282 πολέμου
338 3216 361 3266 Α
422 3218 455 3266 14
478 3215 623 3267 κείσεσθαι
646 3230 669 3268 ο.
689 3210 779 3266 Cobet
798 3212 863 3266 Obs.
881 3230 909 3281 p.
930 3217 981 3266 136
1036 3217 1069 3264 15
1092 3212 1142 3267 καὶ

127 3289 189 3345 ταῖς
202 3283 228 3336 A
244 3289 306 3344 ταῖς
324 3281 373 3336 ΒΟ
425 3288 457 3336 19
477 3283 590 3338 ἅπαντα
608 3284 631 3336 Β
650 3283 778 3345 ἅπαντας
795 3282 821 3335 R
870 3289 904 3337 20
923 3276 971 3354 ἦν]
992 3282 1010 3352 ἡ
1030 3283 1052 3337 Ο
1072 3300 1140 3337 corr.

128 3353 231 3408 Reiske
286 3358 320 3406 21
339 3352 355 3384 '¹‘
368 3371 397 3406 τε
415 3352 464 3407 καὶ
482 3352 681 3425 πονηροτάτων
696 3353 718 3406 0
734 3353 783 3406 sed
797 3353 844 3408 Bb
860 3354 924 3410 add.
939 3354 969 3408 in
982 3369 1047 3423 mge
1061 3353 1141 3407 uncis

129 3423 232 3478 inclusi
299 3428 334 3478 24
353 3421 569 3487 ἀποκτείναντες
586 3425 612 3477 Α
631 3427 636 3493 Ι
659 3424 752 3478 αύτῶν
770 3424 822 3478 AB
