2424 3848
502 184 668 233 -Η-
1024 180 1088 245 231

81 353 140 426 μης
163 354 232 419 τοῖς
255 341 429 426 συγγενέσι
448 346 606 420 Λατίνοις
628 346 706 421 τοὺς
728 342 922 422 ἀλλοεθνεῖς
935 341 1091 429 Ἕρνικας

80 449 267 534 τυγχάνειν,
286 444 364 514 οὐδὲ
383 461 451 526 τοῖς
469 450 576 516 πολλὰ
591 450 724 527 εὐνοίας
738 453 818 535 ἔργα
832 449 1091 536 ἐπιδειξαμένοις

78 559 156 632 τοὺς
183 552 259 639 μηδ’
287 555 402 621 ὁτιοῦν
429 555 560 640 ἀγαθὸν
589 558 790 641 δεδρακότας
812 568 879 622 τῶν
903 557 1014 624 αὐτῶν
1035 584 1090 644 φι-

80 663 290 748 λανθρώπων
308 659 466 747 μετέχειν,
484 672 523 748 τῇ
541 686 576 728 τε
594 663 760 751 ὑπεροψία
773 673 834 730 τοῦ
848 663 971 746 ἀνδρὸς
987 664 1091 751 ἀχθό-

79 791 189 852 μενοι,
220 767 256 845 ὃς
283 769 348 833 ὐπὸ
376 777 433 852 τῆς
459 772 582 853 βουλῆς
609 767 761 853 τιμηθεὶς
788 769 849 836 οὐκ
875 769 1090 855 ἀντετίμησεν
1118 789 1131 830 ⁵

28 875 183 957 ’τεαύτην
210 884 279 951 τοῖς
302 881 403 958 λ’σοις,
427 872 506 941 οὐδὲ
528 876 608 960 μετὰ
631 885 744 959 κοινῆς
767 878 898 960 γνώμης
921 888 988 943 τών
1011 896 1091 944 σνν-

78 979 198 1067 έδρών,
220 978 291 1046 ἀλλ’
315 981 359 1058 ὡς
378 981 465 1070 αὐτῷ
490 981 598 1048 ἐδόκει
617 983 745 1068 γράψας
763 982 914 1066 ἐξήνεγκε
937 984 994 1061 τὰς
1012 985 1092 1068 ὁμο-

78 1091 200 1170 λογίας.
244 1082 287 1170 ἧυ
314 1084 342 1152 τ’
369 1089 433 1174 άρα
460 1090 498 1154 τὸ
526 1088 564 1154 έν
590 1093 726 1166 πολλοῖς
748 1089 900 1174 εὐτυχεῖν
923 1093 1125 1176 σφαλερὸν3

78 1193 247 1282 ἀνθρώπῳ
275 1202 382 1278 χρῆμα
414 1193 469 1260 καὶ
499 1194 710 1282 ἀσύμφορον·
742 1195 929 1281 αὐχήματός
959 1218 994 1262 τε
1026 1198 1090 1282 γάρ

78 1299 222 1383 ἀνοήτου
250 1304 385 1376 πολλοῖς
413 1307 519 1367 αίτιου
547 1305 729 1385 γενόμενον
759 1300 921 1366 λανθάνει
942 1298 998 1365 καὶ
1021 1300 1090 1366 έπι-
1104 1321 1131 1362 1ο

76 1411 212 1490 θυμιῶν
234 1405 381 1491 ἀρχηγὸν
404 1406 632 1490 ἐκβαινουσῶν
654 1409 716 1492 την
735 1406 954 1493 ἀνθρωπίνην
972 1409 1090 1493 φύσιν·

77 1510 96 1577 ὃ
119 1510 175 1577 καὶ
201 1522 247 1600 τῷ
275 1509 374 1597 ἀνδρὶ
401 1512 517 1602 ἐκείνφ
546 1511 680 1598 συνέβη.
724 1511 812 1599 τρισὶ
835 1513 898 1598 γάρ
920 1513 1092 1592 ὑπατείαις

76 1616 133 1686 καὶ
162 1616 239 1684 δυσὶ
266 1620 445 1704 θριάμβοις
474 1623 577 1704 μόνος
602 1631 670 1686 τών
698 1624 772 1686 τότε
802 1620 993 1706 ἀνθρώπων
1024 1620 1090 1687 ὑπὸ

76 1734 135 1809 της
162 1728 289 1802 πόλεως
317 1723 530 1810 τετιμημένος
564 1729 762 1812 σεμνότερον
796 1724 915 1793 ἑαυτὸν
943 1723 1004 1811 ἦγε
1036 1725 1091 1794 καὶ

77 1841 278 1917 μοναρχικῆς
308 1831 458 1910 ἐξουσίας
489 1831 651 1918 ἐλάμβανε
683 1837 807 1900 πόθου·
841 1832 1092 1919 ἐνθυμούμενος
1106 1851 1132 1892 15

79 1936 109 2004 δ’
137 1939 188 2004 ὅτι
215 1949 284 2015 τοῖς
310 1942 479 2023 βασιλείας
505 1938 526 2023 ἢ
556 1943 756 2025 τυραννίδος
779 1937 968 2025 ἐφιεμένοις
986 1938 1090 2028 ῥᾴστη

76 2068 112 2110 τε
139 2043 195 2110 καὶ
222 2043 450 2130 ἀσφαλεστάτη
483 2057 599 2112 πασῶν
628 2045 718 2112 ἐστιν
745 2047 824 2123 ὁδὸς
849 2045 870 2129 ἡ
897 2048 935 2112 τὸ
962 2051 1092 2131 πλῆθος

77 2151 280 2236 εὐεργεσίαις
309 2149 397 2216 τισὶν
424 2148 614 2236 ὑπαγομένη
643 2149 698 2217 καὶ
726 2151 762 2217 ἐκ
788 2163 855 2217 τῶν
883 2162 1004 2238 χειρῶν
1030 2163 1091 2218 τοῦ

78 2260 231 2334 διδόντος
249 2258 288 2322 τά
302 2258 398 2324 κοινά
418 2265 582 2323 σιτεῖσθαι
596 2257 764 2342 ἐθίζουσα,
782 2259 905 2342 ταύτην
919 2257 1090 2343 ἐτράπετο·

28 2362 134 2435 διεκαὶ
161 2364 277 2429 αὐτίκα
306 2362 424 2430 οὐθενὶ
455 2366 637 2446 προειπών·
668 2360 711 2449 ην
742 2365 805 2450 γάρ
835 2387 885 2442 τις
915 2365 1005 2451 χώρα
1033 2367 1091 2449 δη-
1105 2384 1132 2424 20

78 2474 178 2556 μοσία
200 2471 306 2554 πολλη
334 2468 589 2556 παρημελημένη
617 2494 652 2536 τε
679 2468 735 2537 καὶ
761 2471 827 2537 ὑπὸ
854 2481 921 2537 τῶν
944 2471 1091 2557 εὐπορω-

78 2578 186 2642 τάτων
212 2577 429 2662 κατεχομένη,
457 2578 579 2661 ταύτην
610 2580 696 2661 ἔγνω
709 2589 711 2594 ’
726 2586 771 2666 τῷ
795 2578 888 2665 δημφ
912 2575 1091 2662 διανέμειν.

79 2686 133 2748 καὶ
156 2685 188 2748 εί
209 2680 270 2767 μὲν
293 2686 369 2770 ἀχρι
391 2681 487 2750 τοῦδ’
514 2683 625 2750 ἐλθὼν
646 2682 812 2769 ἠρκέσθη,
838 2681 908 2769 τάχ’
935 2682 978 2753 ἀν
1001 2684 1127 2772 αὐτῷ4

79 2791 160 2857 κατά
182 2800 268 2856 νοῦν
290 2793 327 2857 τὸ
352 2793 451 2921 ἔργον
474 2789 631 2875 ἐχώρησε
654 2801 720 2856 νῦν
739 2785 776 2854 δέ
793 2793 958 2856 πλειόνων
977 2751 1091 2874 ὀρεγό-

79 2920 177 2980 μενος
200 2896 316 2962 στάσιν
340 2896 381 2963 οὐ
404 2898 525 2982 μικράν
546 2899 728 2981 ὐγειρεν,ε
713 2895 746 2974 ξ
765 2891 858 2980 ἧς
821 2920 883 2962 ουκ
901 2891 1035 2982 εὐτυχὲς
1052 2898 1090 2962 τὸ
1105 2912 1132 2953 2⁵

78 3000 171 3078 τέλος
194 2998 283 3090 αὐτῷ
309 2997 441 3087 συνέβη.
486 3006 653 3088 Λατίνους
669 3025 706 3067 τε
729 3002 792 3087 γὰρ
816 2999 910 3085 ἠξίου
933 3009 971 3085 τη
994 3025 1091 3066 κατα-

79 3119 190 3195 γραφῇ
218 3119 275 3193 τῆς
302 3110 410 3194 χώρας
437 3108 763 3194 συμπεριλαμβάνειν
788 3105 844 3173 καὶ
870 3109 949 3184 τούς
971 3105 1091 3172 νεωστὶ

150 3378 168 3425 4
185 3393 200 3426 τ
201 3380 234 3440 ῆς
251 3391 281 3426 τε
299 3373 457 3461 ὑπεροψίας
475 3369 498 3426 Ο
517 3378 550 3497 vg
568 3390 597 3425 τε
616 3371 760 3446 ὑπεροψίᾳ
780 3369 824 3424 cb
843 3370 873 3423 οὐ
890 3368 994 3423 Reiske
1074 3376 1090 3424 ό

79 3440 120 3516 ὃς]
140 3443 217 3506 ώςΒ
291 3449 323 3497 11
343 3440 448 3513 ἀρχὴ
434 3459 509 3498 ονο.
550 3391 700 3498 obetObs.
719 3460 746 3512 p.
763 3447 814 3495 169
