2378 3840
522 179 684 228 -z-
1065 173 1107 237 91

92 347 160 401 τῖον
179 334 209 400 δ’
227 337 283 402 ἵνα
301 339 346 422 μὴ
366 334 498 421 γένοιτο
515 337 705 424 ὑποχείριος
723 348 792 414 τοῖς
810 336 945 422 ἐχθροῖς
963 336 1007 414 ὡς
1025 332 1108 420 ὑπὲρ

91 451 149 526 της
171 441 423 528 ἀριστοκρατίας
445 444 693 529 ἀγωνιζόμενος.
737 443 845 509 ἐδόκει
868 439 906 509 δδ
928 452 1017 508 πᾶσα
1039 467 1108 508 κιν-

92 550 296 615 δυνεύεσθαι
325 550 346 635 ἡ
374 560 434 617 τοῦ
461 554 539 635 βίον
566 549 702 634 καὶτῆς
725 549 917 636 ἐλευθερίας
940 551 1109 627 δικαίωσις

92 653 129 720 ἐν
156 664 202 743 τῷ
225 659 298 722 τότε
321 655 427 739 ἀγῶνι
450 656 656 744 ἀμφοτέροις.
702 655 877 739 ἐπιστάσης
901 651 938 721 δὲ
960 667 1018 741 της
1040 659 1109 741 τρί-

90 783 148 846 της
176 760 299 848 ἀγορᾶς
327 764 345 829 δ
373 759 435 848 μὲν
462 763 498 829 ἐκ
525 774 593 829 τῶν
619 763 732 848 ἀγρῶν
760 764 873 848 όχλος,
907 762 985 839 ὅσος
1016 763 1108 828 οὕτω
1136 785 1148 823 τ

90 869 270 954 πρότερον,
304 871 542 955 συνεληλυθὼς
574 872 621 947 είς
652 871 713 953 την
742 872 842 935 πόλιν
869 867 977 934 ἕωθεν
1004 868 1109 946 εὐθὺς

89 985 218 1060 κατεῖχε
248 976 310 1059 την
339 974 479 1060 ἀγοράν·
517 977 553 1042 οί
579 972 617 1041 δὲ
645 977 808 1060 δήμαρχοι
836 974 1044 1040 συνεκάλουν
1070 977 1108 1041 τὸ

90 1084 221 1164 πλῆθος
245 1078 298 1146 ἐπὶ
320 1083 382 1166 την
405 1081 544 1167 φυλέτιν
568 1081 754 1164 ἐκκλησίαν,
779 1084 885 1165 χωρία
906 1089 964 1163 τῆς
987 1079 1109 1167 ἀγορᾶς

89 1191 411 1273 περισχοινίσαντες,
438 1186 476 1253 ἐν
503 1179 554 1265 οἷς
581 1190 719 1272 ἔμελλον
742 1187 780 1251 αί
800 1184 904 1270 φυλαὶ
927 1188 1107 1269 στήσεσθαι

89 1289 168 1358 καθ’
199 1293 309 1371 αὑτάς.
354 1292 410 1360 καὶ
438 1297 511 1359 τότε
540 1305 672 1377 πρῶτον
703 1291 833 1377 ἐγένετο
855 1289 1025 1376 Ῥωμαίοις
1055 1291 1107 1357 ἐκ·

90 1403 208 1484 κλησία
227 1395 297 1465 κατ’
317 1399 440 1485 ἀνδρὸς
456 1402 656 1485 ψηφοφόρος
675 1398 708 1482 [η
723 1400 896 1483 φυλετικὴ]
916 1398 1021 1463 πολλά
1042 1393 1105 1478 [δὲ]

90 1503 357 1589 ἐναντιουμένων
379 1517 447 1572 τῶν
469 1509 667 1589 πατρικίων,
694 1505 817 1589 ἵναμὴ
841 1514 938 1570 τοῦτο
962 1501 1107 1588 γένηται,

1122 1259 1142 1323 2

1121 1340 1147 1380 ιο

89 1609 145 1677 καὶ
167 1614 229 1697 τὴν
253 1616 378 1697 λοχῖτιν
402 1610 584 1690 ἀξιούντων
609 1610 767 1693 συνάγειν
786 1609 974 1694 ἐκκλησίαν,
997 1611 1106 1696 ὥσπερ

25 1717 204 1796 1449αὐτοίς
226 1712 442 1811 πάτριονιῆν.
480 1715 517 1782 ἐν
537 1718 600 1801 γδιρ
619 1727 688 1792 τοῖς
705 1718 867 1800 πρότερον
885 1718 1030 1801 χρόνοις,
1052 1716 1106 1782 ὅτε

90 1823 204 1909 μέλλοι
226 1832 342 1909 ψῆφον
365 1822 535 1909 ἐπιφέρειν
555 1824 573 1889 δ
593 1825 696 1907 δῆμος
718 1818 802 1907 ὑπὲρ
825 1822 1039 1907 ὁτουδήτινος
1058 1817 1106 1887 ὧν
1122 1852 1147 1893 15

90 1928 330 2014 ἐπιτρέψειενὴ
346 1932 464 2014 βουλή,
482 1929 624 1996 ε’κάλουν
644 1925 704 2013 μὲν
720 1929 755 1994 οί
770 1928 890 1994 ὕπατοι
904 1930 964 2012 τὴν
979 1933 1105 2013 λοχῖτιν

90 2035 282 2120 ἐκκλησίαν,
310 2036 382 2118 ίερά
409 2039 571 2123 πρότερον
598 2031 856 2118 ἐπιτελέσαντες,
879 2033 900 2099 δ
924 2037 1025 2117 νόμος
1048 2035 1105 2099 αὐ-

88 2155 157 2219 τοῖς
189 2141 276 2226 ε’στι,
308 2141 364 2207 καὶ
391 2141 487 2228 μέχρι
513 2152 573 2209 τοῦ
601 2137 679 2208 καθ’
706 2139 791 2225 ἡμᾶς
818 2143 942 2226 χρόνον
969 2141 1044 2205 τινά
1072 2140 1105 2219 ἐξ

88 2234 199 2315 αάτῶν
227 2252 276 2313 ἔτι
302 2252 438 2332 γίνεται.
486 2246 603 2336 συνῄει
631 2243 668 2313 δὲ
695 2249 732 2313 τὸ
760 2251 889 2331 πλῆθος
912 2249 958 2324 είς
980 2249 1017 2313 τὸ
1040 2249 1140 2334 πρὸ3

88 2363 144 2439 τῆς
175 2359 304 2432 πόλεως
321 2354 456 2442 ’Ἀρειον
487 2358 604 2422 πεδίον
632 2356 697 2421 ὑπό
724 2377 758 2419 τε
787 2358 940 2439 λοχαγοῖς
966 2352 1021 2419 καὶ
1049 2372 1105 2438 ση-
1120 2384 1146 2424 εο

88 2465 192 2545 μείοις
215 2461 415 2546 τεταγμένον
439 2464 547 2548 ὥσπερ
571 2460 608 2527 ἐν
631 2458 776 2549 πολέμφ,
800 2458 961 2546 ἐπέφερον
984 2457 1022 2526 δὲ
1044 2461 1105 2544 την

87 2578 203 2653 ψῆφον
222 2567 283 2653 οὐχ
303 2569 443 2647 άπαντες
459 2567 694 2653 ἀναλαβόντες,
712 2566 796 2632 ἀλλά
810 2567 892 2632 κατὰ
906 2569 983 2643 τοὺς
998 2569 1105 2643 ἰδίους

88 2672 219 2741 ἕκαστοι
243 2678 373 2760 λόχους,
397 2676 494 2741 δπότε
517 2680 675 2758 κληθεῖεν
697 2672 762 2739 ἀπὸ
781 2683 849 2738 τῶν
867 2672 1010 2737 ὑπάτων.
1048 2674 1103 2737 όν-

87 2803 153 2846 των
172 2776 211 2846 δδ
224 2791 292 2846 τῶν
306 2782 506 2866 συμπάντων
520 2791 621 2867 τριῶν
635 2778 691 2845 καὶ
705 2778 902 2862 ἐνενήκοντα
916 2775 972 2843 καὶ
986 2776 1103 2843 ἑκατὸν

159 2945 173 2991 1
195 2937 243 3008 ὡς]
264 2937 279 2992 δ
299 2955 322 2992 ο.
338 2938 461 3008 Sylburg
515 2945 531 2994 6
551 2935 643 2992 ἕωθεν
662 2933 704 2992 ἔτι
722 2933 745 2988 Ο
765 2933 856 2989 ἕωθεν
876 2934 964 2995 εὐθὺς
982 2950 1003 2986 c.
1020 2934 1101 2988 Gras-

87 3007 187 3079 berger
204 3008 370 3080 Philologus
389 3015 424 3064 28
442 3011 535 3080 (1869)
554 3027 581 3078 p.
597 3014 646 3063 551
704 3013 719 3060 9
740 3001 771 3060 ἐν
790 3003 835 3067 αίς
854 3005 876 3059 Ο
896 3021 965 3058 corr.
984 3003 1102 3059 Hudson

88 3085 121 3134 10
147 3077 212 3134 κατ’
236 3078 323 3143 αίιτδις
349 3097 418 3135 corr.
438 3080 560 3150 Sylburg
634 3084 666 3132 11
692 3078 708 3110 *
726 3075 743 3145 ἡ
764 3075 898 3145 φυλετική
922 3074 1015 3130 delevi
1040 3080 1044 3144 Ι
1069 3075 1101 3130 δὲ

88 3144 312 3221 ἐναντιουμένων
330 3151 352 3206 0
372 3149 627 3220 διεναντιουμένων
645 3166 668 3203 ο.
688 3146 813 3202 Sintenis
831 3146 892 3203 Em.
913 3145 993 3201 Di'on.
1013 3147 1053 3200 ΙΙΙ
1069 3156 1123 3218 13,

87 3220 121 3290 δὴ
141 3218 366 3292 ἐναντιουμένων
385 3223 475 3279 Cobet
493 3222 558 3278 obs.
570 3239 604 3293 ς).
622 3226 672 3274 147
692 3217 724 3273 δέ
744 3217 798 3271 del.
818 3217 928 3286 Kayser
945 3217 1017 3272 Ann.
1032 3217 1101 3287 phil.

86 3298 183 3360 p.815
260 3301 292 3348 15
320 3293 335 3348 δ
359 3294 460 3349 om.B
534 3298 566 3347 16
597 3287 782 3359 ἐπιτρέψειΒ
857 3296 889 3343 19
918 3287 1100 3363 τυν<ήει>Β

87 3367 119 3416 ⁸22
138 3365 189 3433 οὐχ
208 3363 268 3434 ἅμα
285 3363 390 3427 πάντες
408 3365 598 3438 ἀναλαβόντες
617 3359 740 3417 Sintenis
759 3359 776 3414 l.
792 3359 811 3415 l.
831 3360 882 3429 οὐχ
901 3359 1023 3423 ἅπαντες
1042 3360 1100 3431 άμα

87 3431 164 3488 ἀναλ.
184 3434 329 3505 Kiessling
348 3435 407 3506 ἅμα
425 3433 672 3507 ἀναλαμβάνοντες
689 3430 819 3485 Hertlein
836 3430 953 3485 Hermes
973 3433 998 3486 Χ
1013 3438 1064 3487 416
