2424 3848
456 825 840 901 Διοωνειον

502 932 785 1051 ΑΛΙΚΑΡΝΑΣΜΩΣ

345 1138 586 1205 ΡΩΜΑΙΚΗΣ
608 1138 944 1205 ΑΡΧΑΙΟΛΟΓΙΑΣ

479 1297 606 1350 λοωοιι
625 1297 807 1351 αΒΔοΜοιι,

62 1460 204 1502 Βείεὶςίειιεε

90 1512 201 1556 editionis

64 1620 90 1671 p.
109 1607 179 1655 1307
231 1585 330 1648 Τίτου
355 1578 392 1646 δὲ
416 1584 579 1664 Γεγανίου
602 1584 798 1667 Μακερίνου
820 1579 875 1647 καὶ
899 1585 1052 1648 Ποπλίου
1075 1585 1152 1666 Μη-

136 1692 256 1757 νυκίου
280 1689 340 1771 τὴν
363 1687 490 1752 ὕπατον
509 1685 662 1764 ἐξουσίαν
679 1692 939 1773 παραλαβόντων
959 1693 1052 1754 σίτου
1072 1689 1153 1754 σπό-

136 1821 189 1872 νις
223 1793 341 1879 ι’σχυρά
374 1795 435 1877 την
457 1790 585 1877 Ῥώμην
613 1791 769 1877 κατέσχεν
797 1793 833 1858 ἐκ
859 1803 915 1878 τῆς
943 1793 1153 1872 ἀποστάσεως

138 1905 288 1985 λαβοῦσα
319 1900 380 1982 την
413 1897 527 1984 ιἰρχην.
578 1899 596 1964 ὁ
624 1895 685 1983 μὲν
714 1900 777 1985 γὰρ
806 1901 909 1984 δῆμος
937 1898 1057 1984 ἀπέστη
1085 1911 1152 1966 τῶν

138 2008 319 2093 πατρικίων
342 2006 422 2089 μετὰ
445 2006 506 2088 την
530 2007 759 2091 μετοπωρινὴν
783 2007 956 2092 ἰσημερίαν
974 2004 1030 2071 ὑπ’
1048 2006 1152 2090 αὐτὴν
1179 2022 1193 2063 5

68 2114 279 2198 ισοεμιίλιστα
298 2113 358 2195 τὴν
377 2111 481 2197 ἀρχὴν
500 2121 560 2177 τοῦ
580 2115 720 2198 σπόρου·
742 2109 891 2190 ἐξέλιπον
911 2109 948 2177 δὲ
965 2114 1026 2196 τὴν
1039 2113 1152 2198 χώραν

138 2221 173 2286 οί
198 2225 423 2303 γεωργοῦντες
451 2218 528 2301 ἅμα,
545 2225 583 2302 τῇ
609 2219 737 2301 κινήσει
759 2215 813 2282 καὶ
837 2216 1012 2302 διέστησαν
1036 2219 1071 2283 οί
1091 2215 1152 2303 μὲν

138 2322 362 2410 εὐχερέστεροι
385 2325 467 2408 πρὸς
490 2325 567 2398 τοὺς
590 2326 792 2409 πατρικίους,
815 2326 852 2389 τὸ
877 2320 914 2389 δὲ
936 2327 1076 2407 θητικὸν
1097 2321 1152 2408 μέ-

138 2455 196 2517 ρος
228 2431 272 2506 ὡς
303 2431 380 2504 τοὺς
413 2429 624 2512 δημοτικούς·
668 2428 722 2494 καλ
756 2427 924 2515 διέμειναν
957 2429 990 2507 ἐξ
1023 2429 1151 2496 ἐκείνου

138 2533 238 2623 χωρὶς
260 2534 413 2617 ἀλλήλων
436 2535 540 2617 όντες,
563 2532 624 2611 ἕως
648 2529 689 2600 οὗ
712 2533 848 2620 κατέστη
867 2533 922 2601 καὶ
944 2540 1113 2620 συνῆλθεν
1131 2535 1151 2619 η
1167 2550 1194 2590 1⁰

138 2645 233 2718 πόλις
261 2643 307 2717 είς
332 2638 452 2724 εἀυτην
477 2641 517 2706 οὐ
540 2646 651 2730 πολλῷ
674 2645 836 2728 πρότερον
861 2644 1073 2723 διαλλαγεῖσα
1095 2649 1153 2725 τῆς

210 2812 394 2887 ΔιοΝγείοΥ
426 2812 653 2888 ινχιιοιιοτιλε
688 2821 716 2888 z‘
746 2835 768 2888 Α
801 2810 989 2888 Διοαγείογ
1022 2830 1153 2888 οειωιο-

212 3013 226 3059 1
250 3010 411 3077 Καμερίνου
430 3007 455 3060 A
477 3010 620 3080 Καμερίου
639 3010 662 3062 Β
683 3010 850 3077 Μακερίνου
869 3025 892 3062 υ.
912 3007 1043 3076 Sigonius
1064 3012 1069 3079 Ι
1088 3014 1154 3078 Μη-

139 3078 239 3131 νυκίου
259 3095 294 3131 ex
311 3080 455 3133 Μινυκίου
475 3080 520 3133 Bb
583 3085 598 3132 3
618 3080 791 3141 ἀποστασίας
809 3079 832 3133 O
852 3077 1029 3141 ἀποστάσεως
1048 3096 1070 3133 ε.
1091 3079 1154 3134 sin-

140 3146 214 3201 tenis
233 3147 294 3202 Em.
312 3148 393 3204 Dion.
412 3150 487 3203 1112
557 3150 662 3219 ὅπερλ
681 3151 703 3202 Β
721 3149 790 3219 μετὰ
808 3149 834 3201 R
898 3147 1085 3220 λδιέστησαν
1104 3149 1154 3204 BG

61 3253 63 3257 -
140 3215 309 3286 μετέστησαν
327 3219 353 3272 R
406 3218 667 3292 8εόχερέστεροιο
688 3218 964 3292 εόγενέστεροιθωις
999 3219 1155 3293 αριὲστεροι

140 3305 163 3341 ο.
185 3287 308 3342 Sintenis
327 3290 386 3345 Em.
406 3291 487 3346 Dion.
502 3292 529 3344 Π
547 3298 580 3345 31
638 3297 670 3345 10
690 3289 740 3353 ἕως
759 3287 792 3346 οὖ
812 3290 834 3346 0
854 3291 887 3346 cf.
903 3293 946 3349 Fr.
1003 3292 1052 3346 ebs
1071 3292 1154 3346 Prae·

140 3357 344 3427 positionsadv.
364 3361 391 3414 H
410 3379 437 3430 p.
454 3367 495 3417 15.
516 3367 557 3416 16.

200 3457 301 3498 mom.
315 3459 377 3500 Ηετ,
392 3460 436 3500 m
459 3469 499 3501 ευ.
513 3460 617 3506 λευοωῖ.
988 3455 1011 3503 Χ
