2424 3848
115 139 178 204 192
535 142 702 191 -Η-

111 303 280 390 κεχάρισαι
304 302 442 387 δωρεάν.
488 300 569 385 μετά
591 310 694 366 ταῦτα
716 310 783 366 τῶν
804 303 947 367 παιδίων
971 299 1130 388 ἑκάτερον

110 411 359 495 προσαγόμενος
385 405 441 474 καὶ
468 410 547 485 τοὺς
572 410 800 496 προσήκοντας
826 407 1020 494 ἀσπασμοὺς
1048 408 1131 476 ἀπο-

112 516 207 599 δούς,
235 512 434 601 ἐπέστρεψεν
461 508 563 591 αὖθις
589 516 672 600 πρὸς
698 515 761 599 την
790 510 913 600 μητέρα
940 514 996 581 καὶ
1018 513 1131 600 λέγειν

113 619 275 706 ἐκέλευσε,
297 624 387 699 τίνος
406 618 547 706 δεομένη
566 621 734 703 πάρεστιν.
779 619 799 704 ἡ
819 616 857 686 δέ
874 620 1008 688 πάντων
1029 620 1132 689 ἀκου-

70 731 219 793 ἐόντων
243 730 366 813 ἔφησεν
384 726 489 815 ἐρεῖν,
518 726 661 804 οὐθενὸς
687 727 751 812 γάρ
774 725 914 794 ἀνοσίου
937 729 1131 813 δεήσεσθαι,

74 879 76 883 ,
111 834 288 919 παρεκάλει
314 832 344 899 τ’
369 834 488 918 αὐτόν,
518 832 555 899 έν
583 826 855 923 ᾧκαθεζόμενος
881 835 995 900 είάθει
1017 838 1130 926 χωρίῳ

77 941 257 1020 3όικάζειν
286 952 354 1018 τοῖς
376 944 503 1028 ὄχλοις,
530 940 695 1030 ἐντούτῳ
718 943 883 1006 καθίσαι·
911 938 966 1006 καὶ
989 942 1007 1008 ὁ
1029 941 1202 1028 Μάρ-1611

111 1071 184 1124 κιος
210 1045 361 1133 ἀσμένως
387 1049 424 1113 τὸ
453 1043 559 1132 βηθλν
587 1044 719 1125 ἐδέξατο
752 1046 797 1123 ὡς
824 1047 865 1132 θη
892 1049 1068 1135 περιουσίᾳ
1095 1070 1130 1114 τε

112 1159 218 1241 πολλῇ
245 1165 313 1221 τῶν
341 1156 480 1220 δικαίων
507 1155 590 1242 πρὸς
615 1153 677 1237 τὴν
705 1152 853 1231 ἔντευξιν
880 1151 982 1238 αὐτῆς
1009 1156 1130 1241 χρησό-

74 1285 100 1325 ιο
113 1284 211 1346 μενος
238 1259 293 1327 καί
322 1259 359 1327 έν
385 1265 476 1348 καλῷ
498 1260 698 1344 ποιούμενος
726 1270 796 1337 τοϊς
823 1261 934 1344 όχλοις
959 1259 1021 1343 τὴν
1049 1258 1130 1327 άπό-

113 1383 233 1453 κρισιν.
279 1367 391 1434 ἐλθὼν
419 1363 449 1432 θ’
477 1363 531 1431 έπὶ
561 1368 598 1432 τὸ
627 1368 845 1453 στρατηγικὸν
876 1370 965 1451 βῆμα
995 1377 1131 1452 πρῶτον

113 1469 175 1558 μέν
202 1472 352 1540 ἐκέλευσε
379 1483 448 1550 τοῖς
474 1470 652 1558 ὑπηρέταις
678 1478 834 1539 καθελεῖν
863 1470 917 1538 ἀπ’
943 1472 1047 1539 αὐτοῦ
1070 1476 1131 1542 τὸν

114 1581 237 1666 δίφρον
259 1577 314 1645 καὶ
337 1585 449 1645 θεῖναι
473 1581 589 1664 χαμαί,
617 1577 739 1664 μητρὸς
765 1578 972 1667 ὑψηλότερον
996 1579 1058 1646 οὐκ
1081 1583 1131 1647 οί·

114 1688 233 1770 όμενος
260 1687 332 1751 δεῖν
359 1687 462 1751 τόπον
490 1687 593 1770 ἔχειν,
622 1681 694 1751 οὐδ’
721 1683 855 1774 ἐξουσία
881 1691 1027 1773 χρῆσθαι
1054 1685 1125 1752 κατ’

75 1815 100 1856 15
115 1789 242 1876 ἐκείνης
276 1778 428 1878 οὐδεμιᾷ·
465 1793 576 1857 ἔπειτα
607 1791 921 1876 παρακαθισάμενος
951 1794 1030 1870 τοὺς
1061 1791 1131 1858 ἐπι-

113 1898 340 1982 φανεστάτους
361 1907 429 1963 τῶν
451 1894 487 1963 θ’
514 1897 688 1983 ἡγεμόνων
711 1895 767 1963 καὶ
790 1903 959 1984 λοχαγῶν,
983 1896 1131 1966 καὶτῶν

114 2006 225 2070 ἄλλων
254 2004 352 2082 έάσας
378 2015 532 2092 παρεῖναι
556 2006 614 2070 τὸν
637 2007 860 2090 βουλόμενον,
890 2002 1039 2071 ἐκέλευσε
1068 2007 1131 2091 τὴν

114 2110 238 2198 μητέρα
263 2109 381 2195 λέγειν.
639 2143 644 2149 ·

181 2216 364 2282 XXXXVI.
399 2215 467 2282 Καὶ
495 2217 516 2302 ἡ
549 2217 734 2303 Οὐετουρία
765 2216 1041 2303 παραστησαμένη
1069 2222 1131 2304 τήν

75 2349 102 2389 εο
115 2341 156 2389 τε
173 2333 314 2406 γυναῖκα
337 2331 397 2389 τοῦ
420 2325 578 2411 Μαρκίου
597 2320 713 2389 καὶτὰ
736 2320 834 2389 τέκνα
856 2320 911 2388 καὶ
933 2324 991 2402 τάς
1013 2323 1132 2409 ἐπιφα·

114 2429 271 2506 νεστάτας
292 2438 359 2494 τῶν
382 2427 419 2494 έν
437 2425 543 2516 Ῥώμη
566 2439 735 2513 γυναικῶν
757 2440 890 2512 πρῶτον
915 2426 977 2515 μὲν
1000 2432 1202 2497 έκλαιενῙσιε

114 2536 162 2612 είς
184 2536 245 2618 την
268 2543 332 2619 γῆν
355 2536 466 2620 ὁρῶσα
489 2532 583 2622 μέχρι
606 2540 745 2620 πολλοῦ,
769 2532 825 2600 καὶ
847 2538 954 2602 πολὺν
977 2534 1131 2621 ἐκίνησεν

115 2639 151 2707 ἐκ
182 2651 249 2706 τῶν
280 2644 456 2726 παρόντων
488 2645 590 2708 ἔλεον.
647 2639 746 2707 ἔπειτ’
778 2641 993 2727 ἀναλαβοῦσα
1024 2642 1130 2729 αὑτὴν

80 2745 238 2826 2έλεξεν·
261 2748 310 2813 Ac
326 2757 489 2832 γυναῖκες,
514 2742 539 2812 ὦ
557 2747 690 2834 Μάρκιε
713 2746 843 2832 τέκνον,
865 2749 923 2826 τὰς
944 2749 1058 2836 ὕβρεις
1078 2748 1131 2815 έν-

76 2881 101 2922 εε
114 2853 326 2939 θυμούμεναι
344 2850 398 2919 καὶ
416 2853 474 2931 τὰς
493 2854 595 2931 άλλας
613 2855 786 2939 συμφοράς
803 2856 860 2932 τάς
879 2854 1131 2942 συμβησομένας

188 3123 201 3169 1
223 3115 450 3190 κεχ<άρ>ισαιΒ
514 3122 531 3171 8
550 3114 713 3187 άσμένωςΟ
733 3115 854 3186 ἄσμενος
869 3133 893 3171 c.
907 3116 1060 3188 Kiessling‚
1081 3117 1130 3174 sed

116 3188 151 3242 cf.
171 3189 271 3255 182,1
291 3189 315 3259 (Ι
332 3193 390 3257 137,
405 3189 432 3257 6)
520 3195 535 3242 9
554 3192 641 3260 πολλῇ
661 3187 726 3244 add.
744 3187 767 3241 Β
851 3194 883 3243 10
902 3188 1090 3260 ποιησόμενος
1107 3206 1130 3244 c.

117 3258 307 3326 Oasaubonus‚
327 3258 378 3312 alii
396 3256 570 3312 infinitivum
588 3261 690 3314 δοῦναι
712 3257 849 3314 excidisse
868 3262 985 3314 censent
1056 3253 1131 3316 2403

116 3326 216 3384 τέκνον
238 3330 352 3402 Μάρκιε
377 3327 399 3384 0
428 3331 478 3384 aut
505 3323 527 3384 ὦ
550 3335 591 3385 Μ.
614 3328 714 3386 τέκνον
741 3329 995 3387 εοείλιθυᾶιιοεευλ
1017 3331 1131 3402 Μάρκιε

117 3399 268 3455 delendum
286 3418 347 3456 esse
366 3418 389 3458 ο.
408 3400 553 3470 Kiessling
