2424 3848
97 201 140 267 52
523 204 723 287 -ι-Δ

95 368 233 442 πολλοῖς
260 360 492 450 ἀπεχθομένου
520 345 847 450 σῶφρωνεύλάβεια
869 365 952 447 πρὸς
974 363 1032 440 τὰς
1054 371 1118 430 τοῦ

96 481 297 558 κρατοῦντος
330 471 446 558 ὀργάς,
477 465 549 536 ἀλλ’
583 471 627 547 ῶς
658 468 784 558 ἐχθροῦ
814 472 1119 556 προπηλακίζοντος

96 576 201 655 άδεῶς
227 579 306 654 τοὺς
333 561 399 643 ὑπδ
426 588 537 662 χεῖρας
564 570 705 662 άκρατός
730 599 780 654 τις
805 577 887 661 χολή
916 574 972 641 καὶ
998 579 1118 662 βαρεῖα

96 691 156 749 τοῦ
179 695 287 761 κακῶς
308 683 493 769 πάσχοντος
515 682 689 770 ὑπεροψία.
761 697 767 707 ’
1125 747 1128 754 .

71 812 85 853 ε
165 789 300 856 XXXV.
330 790 506 875 Τοιγάρτοι
528 788 684 874 λέγοντός
701 786 730 854 τ’
752 788 855 855 αὐτοῦ
873 787 994 874 μεταξὺ
1012 792 1121 867 πολὺς

98 899 247 982 θόρυβος
271 895 398 980 ἐγίνετο
421 897 499 981 τήδε
522 895 577 961 καὶ
600 897 679 982 τήδε
700 897 830 980 θαμινά
848 893 1120 981 μεθελκομένοις,

99 1003 144 1080 ῶς
171 1001 207 1069 ἐν
236 1004 427 1089 διαφόροις,
454 1006 599 1087 πλήθεσι
621 1001 676 1068 καλ
700 1003 741 1069 οὐ
764 1003 866 1068 ταύτά
888 998 1120 1087 βουλομένοις,

99 1119 166 1174 τῶν
198 1105 259 1193 μὲν
291 1106 467 1193 ἡδομένων
499 1106 552 1174 ἐπὶ
584 1120 654 1186 τοῖς
685 1111 797 1193 λόγοις
828 1107 948 1192 αὐτοῦ,
980 1118 1046 1174 τῶν
1080 1105 1120 1173 δὲ

99 1215 199 1281 πάλιν
233 1214 440 1302 ἀχθομένων.
490 1213 546 1281 καὶ
579 1214 691 1299 ἐπειδή
723 1215 886 1281 ἐπαύσατο
914 1211 1038 1298 λέγων,
1070 1216 1121 1280 ἔτι

60 1296 222 1411 ,2,πλείων
246 1318 366 1406 άνέστη
391 1323 454 1406 βοή
477 1318 532 1386 καὶ
549 1324 706 1407 θόρυβος.
740 1322 775 1386 οί
790 1317 852 1406 μὲν
870 1320 934 1406 γάρ
952 1323 1121 1407 πατρίκιοι

98 1428 276 1511 κράτιστον
295 1427 430 1513 άνδρῶν
450 1426 601 1511 λέγοντες
619 1424 767 1515 ἐπῄνουν
786 1427 888 1494 αῦιδν
907 1424 960 1492 ἐπὶ
978 1435 1017 1512 τή
1036 1447 1123 1514 παρ-

101 1537 200 1622 ρησίᾳ
229 1532 284 1599 καὶ
313 1537 419 1618 μόνον
447 1533 632 1620 ἀπέφαινον
660 1533 693 1613 ἐξ
722 1533 877 1601 ἁπάντων
905 1546 1000 1619 σφῶν
1028 1531 1123 1600 ἐλεύ-

99 1646 217 1726 θερον,
241 1639 278 1716 δς
302 1640 377 1704 οὔτε
401 1644 568 1725 πολεμίων
591 1642 719 1706 ἔδεισεν
743 1640 904 1707 ἐπιόντων
922 1643 1023 1727 ὄχλον
1042 1641 1123 1706 οὔτε

24 1781 32 1796 ·
101 1749 246 1811 πολιτῶν
269 1745 431 1823 αὐθάδεις
453 1745 508 1812 καί
530 1750 745 1832 παρανόμους
767 1746 983 1814 ἐκολάκευσεν
1002 1746 1124 1833 ὁρμάς·

61 1873 87 1916 15
102 1853 138 1917 οί
158 1847 195 1916 δὲ
218 1851 390 1936 δημοτικοὶ
414 1854 736 1940 δυσανασχετοῦντες
759 1851 812 1919 ἐπὶ
829 1865 898 1930 τοῖς
917 1853 1179 1936 ὀνειδισμοίς138

100 1960 208 2043 βαρὺν
230 1956 286 2024 καὶ
308 1962 429 2045 πικρὸν
449 1958 505 2025 καλ
523 1963 690 2044 πολεμίων
710 1959 865 2026 ἁπάντων
884 1963 1041 2046 ἔχθιστον
1061 1960 1125 2025 αῦ-

66 2066 160 2148 3τδν
178 2063 375 2131 άπεκάλουν.
411 2071 605 2153 προθυμίαν
625 2063 662 2131 δέ
680 2069 808 2151 πολλήν
826 2063 917 2153 εἶχόν
936 2089 1024 2142 τινες
1042 2067 1125 2152 ήδη,

100 2161 257 2246 οίςπολὺ
277 2180 406 2257 προσῆν
424 2176 462 2239 τδ
481 2170 622 2260 εὐχερές,
646 2169 683 2236 ἐν
701 2181 822 2257 χειρῶν
841 2171 943 2237 αὐτὸν
963 2172 1125 2256 διαφθεῖ,

101 2299 156 2363 ραι
174 2280 276 2367 νόμρο.
311 2280 503 2365 συνήργουν
522 2275 553 2343 δ’
570 2279 681 2354 αὐτοῖς
700 2282 747 2354 είς
766 2286 863 2344 τοῦτο
882 2275 937 2343 καλ
958 2278 1125 2364 συνελάμ-

63 2409 89 2449 εο
102 2384 208 2466 βανον
240 2377 275 2449 οί
303 2387 481 2472 δήμαρχοι,
510 2383 566 2450 καὶ
597 2384 736 2469 μάλιστα
764 2380 937 2460 Σικίννιος
966 2382 1125 2452 ἐνεδίδου

108 2501 176 2566 τοϊς
194 2493 381 2576 βουλήμασι
400 2491 458 2568 τδις
474 2491 580 2575 ήνιάς.
615 2495 776 2555 τελευτῶν
795 2501 891 2575 γοῦν,
910 2489 1023 2574 ἐπειδή
1043 2497 1127 2558 πολ-

21 2585 25 2593 ’
106 2597 168 2680 λήν
204 2595 308 2663 αὐτοῦ
342 2599 554 2684 καταδρομήν
587 2596 760 2681 ἐποιήσατο
794 2596 849 2663 καὶ
881 2599 958 2674 τοὺς
989 2602 1127 2683 θυμοὺς

101 2699 253 2781 ἐξέκαυσε
276 2714 343 2769 τῶν
362 2705 527 2788 δημοτῶν,
549 2706 654 2781 πολὺς
672 2702 864 2786 ἐμπνεύσας
883 2712 922 2788 τῇ
941 2709 1127 2795 κατηγορίᾳ

102 2808 195 2887 τέλος
219 2808 404 2894 ἐξήνεγκεν,
430 2811 480 2876 ὅτι
504 2807 654 2876 θάνατον
677 2809 782 2898 αὐτοῦ
804 2813 1062 2895 καταψηφίζεται
1085 2816 1125 2879 τὸ

51 3016 54 3023 ,
172 2973 188 3020 3
212 2966 267 3020 ῦπδ
286 2973 380 3037 χεῖρας
400 2966 472 3020 ABa
491 2965 546 3021 ὑπὸ
566 2972 656 3036 χεῖρα.
676 2965 722 3019 Bb
743 2957 748 2962 ⁴
796 2973 811 3022 6
836 2962 943 3037 ἐγίνετο
961 2966 985 3020 Β
1005 2962 1120 3037 ἐγένετο

101 3035 126 3089 R
142 3036 146 3108 Ι
165 3035 274 3126 τ<η>δε
288 3038 335 3091 Bb
354 3037 441 3119 (bis)'l
457 3037 674 3128 μεθελκομένοις
688 3036 711 3091 0
726 3037 940 3108 μεθελκομένων
955 3054 978 3093 ο.
993 3038 1120 3131 Sylburg

104 3110 310 3248 λεθδδέλδῖἔξς
333 3108 584 3235 &XXX-21¹3
609 3104 725 3249 43²⁰?ss
744 3108 888 3235 {XXX
922 3197 939 3234 a
962 3109 1125 3236 assssffi

106 3221 138 3302 1'9
167 3247 364 3321 συν<η>ργουν
387 3251 410 3303 Β
439 3200 646 3322 σόινείργοννηῦ
671 3251 845 3322 συνηγόρουν
870 3269 892 3308 ο.
911 3251 1012 3306 Portus
1087 3259 1122 3308 21

105 3318 204 3391 βουλεό
226 3337 273 3373 ασι
292 3338 314 3377 ο,
334 3321 478 3392 Kiessling
532 3330 565 3377 23
584 3331 639 3376 τῶν
657 3325 786 3392 δημοτῶν
804 3319 890 3386 πολδς
906 3354 937 3362 -
953 3325 1121 3400 κατηγορίᾳ,

105 3388 183 3452 τέλος
202 3339 359 3460 ἐξήνεγκεν.
370 3392 579 3463 interpungitur
597 3393 695 3464 vulgo,
720 3396 861 3464 δημοτῶν,
880 3394 966 3472 πολὺς
984 3426 1017 3436 -
1037 3415 1126 3466 κατη-

104 3463 187 3535 γορία
204 3460 282 3524 τέλος
301 3457 454 3534 ἐπήνεγκεν
471 3465 580 3535 Kriiger
598 3465 636 3519 οδ
653 3464 734 3522 Dion.
756 3465 829 3522 Hist.
848 3484 875 3535 p.
892 3472 945 3530 474
