2424 3848
109 173 176 238 204
532 173 629 223 -H
666 202 698 210 -

75 342 78 348 ’
109 335 189 419 μετὰ
225 334 287 418 τὴν
318 335 474 418 τελευτὴν
509 330 735 417 ἀποδιδομένη
767 331 918 418 καθάπερ
950 333 1038 410 είκὸς
1069 335 1124 400 εύ-

74 446 224 509 4κλειαν
246 440 418 507 ἀθάνατον
442 447 535 507 οῖσει.
581 436 636 504 καὶ
660 445 694 504 εί
711 462 761 516 τις
783 440 847 525 ἀρα
872 439 930 516 τὰς
951 438 1124 526 ἀνθρωπί-

109 571 190 624 νους
216 549 324 632 ψυχὰς
346 545 571 623 ἀπολυθείσας
599 554 659 611 τοῦ
683 546 832 630 σώματος
854 543 1048 624 ὑποδέξεται
1070 550 1125 612 τύ·

109 675 186 737 πος,
213 653 274 739 οὐχ
303 654 320 720 δ
348 657 569 739 καταχθόνιος
579 649 651 717 ’καὶ
679 650 826 737 ἀφεγγὴς
847 649 1040 730 ὑποδέξεται
1064 654 1126 736 τὴν

84 758 211 843 ιέμην,
240 761 277 824 ἐν
305 751 331 847 β
354 775 437 844 φασι
463 761 541 836 τοὺς
567 759 811 842 κακοδαίμονας
833 758 953 840 οἰκεῖν,
984 753 1065 822 οὐδὲ
1087 760 1126 824 τὸ

36 853 38 857 ’
111 867 292 948 λεγόμενον
315 873 372 948 της
389 867 510 949 Λήθης
532 866 660 949 πεδίον,
682 860 754 928 ἀλλ’
779 863 797 929 ὁ
815 860 978 948 μετέωρος
994 861 1051 950 καὶ
1069 888 1127 929 κα-

110 972 218 1056 θαρὸς
240 972 355 1056 αύθηρ,
378 969 415 1036 ἐν
434 962 460 1058 ᾧ
483 973 561 1047 τοὺς
583 969 619 1035 ἐκ
642 975 733 1034 θεῶν
752 970 879 1055 φύντας
902 970 1005 1035 οἰκεῖν
1028 972 1128 1054 λόγος

111 1077 294 1162 εὐδαίμονα
320 1074 376 1141 καὶ
407 1077 569 1163 μακάριον
602 1078 738 1161 ἔχοντας
769 1079 859 1159 βίον·
892 1066 942 1152 οἷς
974 1075 1127 1161 διαγγέλ-

111 1190 217 1250 λουσα
240 1185 277 1249 τὸ
301 1185 363 1248 σὸν
386 1179 519 1267 εὐσεβὲς
540 1180 595 1248 καλ
617 1183 675 1259 τὰς
699 1183 759 1259 σδς
780 1182 926 1268 χάριτας,
948 1173 1001 1260 αἶς
1020 1183 1200 1268 αύτην1630

73 1316 99 1355 ιο
113 1290 312 1375 ἐκόσμησας,
340 1287 395 1354 ἀεί
419 1312 513 1366 τινας
540 1289 710 1373 αἰτήσεταί
731 1305 784 1353 σοι
807 1289 896 1375 παρά
917 1295 1010 1355 θεῶν
1034 1287 1129 1375 ἀμοι-

112 1397 174 1480 βάς
195 1396 303 1472 καλάς.

178 1500 268 1565 LIII.
309 1499 386 1567 Ἐἀν
415 1498 452 1566 δὲ
479 1503 727 1588 προπηλακίσῃς
752 1502 814 1585 την
842 1510 983 1568 σεαυτοῦ
1005 1500 1129 1589 μητέρα

112 1605 168 1673 καὶ
190 1608 308 1690 ἀτιμον
332 1606 515 1695 ἀπολύσῃς,
546 1609 563 1673 ὅ
587 1632 618 1673 τι
646 1603 707 1692 μὲν
735 1606 823 1694 αύτῷ
849 1623 903 1673 σοι
926 1610 1128 1692 συμβήσεται

114 1714 171 1777 διὰ
204 1722 307 1778 ταῦτα
338 1720 480 1798 παθεῖν,
512 1713 574 1779 οὐκ
606 1715 669 1799 ἐχυ
702 1710 827 1797 λέγειν,
859 1714 1062 1798 μαντεύομαι
1095 1712 1127 1780 δ’

75 1843 101 1883 15
114 1814 216 1884 οὐδὲν
243 1818 385 1905 εὐτυχές.
436 1819 486 1885 ὅτι
516 1817 545 1884 δ’
577 1819 636 1885 ἐὰν
662 1816 717 1885 καὶ
749 1813 853 1884 τάλλα
883 1819 990 1885 πάντα
1018 1820 1131 1885 εύδαι-

114 1933 234 2010 μονης,
262 1927 345 1990 ἐστιν
374 1924 453 2012 μάρ,
482 1925 503 2008 ἡ
528 1923 572 1989 δι’
599 1922 656 2009 ἐμὲ
682 1923 738 1990 καὶ
765 1926 823 2002 τὰς
851 1924 930 2010 ε’μάς
956 1927 1131 2011 συμφορὰς

114 2032 460 2115 παρακολουθήσουσά
479 2049 532 2097 σοι
550 2029 605 2096 καὶ
625 2030 783 2097 ούδέποτε
802 2030 972 2115 ἀνήσουσα
986 2031 1047 2113 την
1065 2041 1130 2109 ψυ-

51 2189 54 2192 <
114 2138 178 2223 χην
201 2137 307 2220 ὀδύνη
330 2138 466 2202 πάντοιν
489 2135 628 2220 ἀγαθῶν
651 2151 703 2202 σοι
727 2135 893 2219 ἀνόνητον
915 2138 1046 2219 ποιησει
1069 2139 1130 2202 τὸν

80 2246 202 2327 2βίον,
226 2237 264 2308 εὖ
288 2237 372 2308 οῖδα.
419 2243 459 2308 οὐ
479 2244 542 2329 γὰρ
562 2240 709 2320 ἀνέξεται
730 2241 915 2328 Οὐετουρία
932 2243 994 2325 τὴν
1013 2243 1130 2326 δεινὴν

76 2376 102 2415 20
115 2346 170 2414 καὶ
189 2348 371 2432 ἀνήκεστον
389 2347 490 2434 ύβριν
509 2347 545 2413 ἐν
562 2349 734 2424 τοσούτοις
751 2348 914 2433 μάρτυσιν
928 2347 1130 2434 ὑβρισθεῖσα

114 2458 175 2521 τὸν
202 2454 375 2540 ἐλάχιστον
397 2458 518 2538 βιῶναι
544 2457 683 2540 χρόνον,
713 2450 785 2518 ἀλλ’
813 2452 850 2518 ἐν
876 2465 946 2531 τοῖς
973 2452 1131 2520 ἁπάντων

114 2561 210 2646 ὑμῶν
234 2565 344 2645 φίλοιν
366 2558 479 2626 τεκαὶ
502 2560 634 2646 ἐχθρῶν
657 2562 801 2645 ὄμμασιν
825 2558 970 2644 ε’μαυτην
994 2562 1130 2648 διαχρη-

4 2661 8 2666 “
116 2683 227 2753 σομαι,
249 2671 387 2754 βαρεῖαν
410 2665 494 2753 ἀράν
517 2664 573 2731 καὶ
596 2667 708 2742 δεινὰς
731 2666 864 2753 ἐρινύας
891 2663 962 2732 ἀντ’
989 2666 1131 2754 ἐμαυτῆς

81 2773 341 2848 3καταλιποῦσά
369 2790 422 2838 σοι
452 2772 625 2859 τιμωρούς.
671 2767 718 2837 ὧν
742 2774 786 2857 μὴ
811 2773 975 2857 δεήσειεν,
1004 2769 1131 2840 ῶθεοὶ

77 2906 103 2946 ιι
116 2890 173 2964 της
195 2878 365 2965 Ῥωμαίων
394 2879 539 2964 φύλακες
570 2879 763 2963 ἡγεμονίας,
795 2876 866 2944 ἀλλ’
900 2879 1047 2963 εὐσεβεῖς
1074 2879 1131 2946 καὶ

115 2989 238 3063 καλούς
269 2987 380 3071 δοίητε
412 2987 555 3073 Μαρκίῳ
588 2986 781 3069 λογισμούς·
819 2982 875 3049 καλ
913 2985 1022 3071 ὥσπερ
1055 2987 1197 3072 ἀρτι1631

116 3092 301 3179 προσιούση
330 3116 386 3176 μοι
414 3091 493 3168 τούς
522 3114 557 3156 τε
579 3088 726 3170 πελέκεις
748 3087 890 3155 ἀπέθετο
912 3088 968 3155 καὶ
990 3091 1049 3168 τάς
1072 3091 1131 3178 βά-

189 3289 205 3337 2
224 3283 274 3345 τάς
292 3283 477 3354 ἀνθρωπίνας
496 3283 518 3336 0
537 3285 649 3351 praeter
666 3281 690 3334 B
790 3288 823 3337 19
842 3280 979 3352 ἀνέξομαι
996 3299 1020 3337 ο.
1041 3282 1133 3339 Cobet

118 3353 185 3409 Obs.
204 3372 231 3423 p.
248 3358 299 3408 165
354 3361 389 3410 20
408 3350 557 3426 ἐπιβιῶναι
576 3371 599 3409 ο.
619 3352 790 3422 Grasberger
804 3352 968 3422 Philologus
988 3359 1022 3408 28
1037 3356 1134 3425 (1869)

119 3442 145 3493 p.
162 3428 214 3478 550
269 3430 304 3478 24
324 3426 360 3495 μὴ
380 3425 402 3480 Ο
423 3424 511 3495 μηδὲν
529 3424 659 3478 Hertlein
676 3425 793 3479 Hermes
811 3424 837 3476 X
855 3442 881 3493 p.
898 3429 948 3479 417
