2424 3848
436 150 656 224 ‚-H-
1013 143 1104 209 241*

64 312 195 398 μάτων,
223 309 278 376 καὶ
305 312 355 377 ὅτι
383 309 417 389 ἐξ
446 311 541 394 ἡμῶν
564 333 651 388 τινες
673 310 714 376 οὐ
738 311 874 386 δικαίως
896 308 979 374 αὐτὰ
1001 331 1080 392 καρ-
1143 298 1144 302 “

64 428 216 483 κοῦνται.
271 415 331 481 ε’διν
363 414 400 481 δὲ
433 414 687 501 δημοσιωθέντα
719 417 816 481 ίδωσι
847 412 902 480 καὶ
933 416 991 492 τάς
1021 411 1075 479 ἀπ’

65 522 177 589 αὐτῶν
200 525 388 608 προσόδους
413 525 459 600 είς
483 525 522 587 τδι
544 523 641 588 κοινά
663 520 718 588 καλ
742 522 905 605 ἀναγκαῖα
929 523 1082 587 δαπανω-

65 628 179 715 μένας,
207 627 308 696 ούδέν
331 630 562 714 ὑπολήψονται
586 633 680 713 σφίσι
703 627 876 714 διαφέρειν
898 637 956 713 τῆς
978 625 1081 713 γῆςῆ

65 748 134 803 τῶν
162 736 194 815 έξ
223 737 322 822 αὐτῆς
348 747 485 822 καρπῶν
512 733 668 821 μετέχειν.
714 735 757 801 έῶ
786 737 849 821 γάρ
877 733 1003 819 λέγειν,
1031 711 1124 826 ύτι4ὅ

65 855 135 910 τῶν
158 842 293 930 ἀπόρων
316 844 426 920 ένίους
449 847 576 927 μᾶλλον
595 841 836 928 εὐφραίνουσιν
855 842 892 906 αί
912 840 1083 928 ἀλλότριαι

66 950 190 1035 βλάβαι
212 960 279 1015 τῶν
303 951 399 1015 ίδίων
422 949 601 1034 ὠφελειῶν.
641 949 683 1014 ού
706 950 772 1034 μην
795 947 943 1033 ἀποχρῆν
962 943 992 1031 γ’
1015 953 1084 1014 οῖο-

67 1080 128 1140 μαι
150 1058 279 1122 τούτων
302 1053 457 1139 ἑκάτερον
481 1055 518 1121 έν
540 1064 586 1143 τῷ
608 1058 796 1141 ψηφίσματι
818 1054 972 1140 γράφειν,
1000 1051 1084 1119 ἀλλὰ

67 1159 125 1227 καὶ
149 1159 193 1241 δι’
215 1163 317 1245 ἀλλης
334 1164 425 1239 τινὸς
443 1168 556 1246 οἴομαι
580 1163 652 1228 δεῖν
673 1164 852 1247 θεραπείας
874 1162 1007 1246 μετρίας
1024 1161 1084 1225 τὸν

69 1270 178 1351 δῆμον
196 1269 436 1332 οἰκειώσασθαί
454 1291 490 1333 τε
513 1265 569 1332 καὶ
588 1266 780 1352 ἀναλαβεῖν·
803 1266 846 1350 ἣν
864 1267 945 1352 μετὰ
963 1267 1083 1351 μικρὸν
1098 1281 1124 1321 10

70 1373 148 1459 ἐρῶ,
175 1376 236 1459 τὴν
260 1375 370 1439 αἰτίαν
391 1385 524 1460 πρῶτον
547 1374 628 1458 ὑμῖν
656 1372 930 1458 ἀποδειξάμενος,
958 1377 1085 1457 μᾶλλον

70 1477 109 1546 δὲ
132 1482 193 1565 τὴν
217 1479 377 1564 ἀνάγκην,
402 1474 445 1545 δι’
472 1480 514 1563 ἣν
537 1478 713 1546 καὶτοῦτο
736 1477 900 1566 πρακτέον
922 1480 1012 1564 ημῖν.

138 1586 271 1652 LXXV.
301 1585 385 1651 ’Ἰστε
409 1588 516 1670 δήπου
535 1589 613 1664 τοὺς
631 1586 669 1652 έν
686 1595 725 1672 τη
745 1586 901 1675 ἐκκλησίᾳ
923 1584 1087 1671 ῥηθέντας

70 1693 136 1760 ὑπὸ
160 1705 220 1760 τοῦ
244 1693 414 1779 δημάρχου
438 1696 570 1777 λόγους,
593 1691 640 1758 ὅτ’
661 1696 759 1779 ηρετο
782 1704 849 1760 τῶν
873 1693 1008 1759 ὑπάτων
1028 1694 1087 1759 τὸν

71 1799 187 1886 ἕτερον
214 1811 333 1866 τοῦτον
362 1799 578 1886 Οὐεργίνιον,
605 1800 723 1883 ἥντινα
750 1801 887 1885 γνώμην
915 1803 981 1886 ἔχει
1011 1796 1088 1883 περὶ
1103 1814 1129 1856 15

13 1915 130 1990 ευιτῆς
161 1908 375 1992 κληρουχίας,
406 1910 528 1994 πότερα
560 1918 629 1984 τοῖς
658 1903 719 1990 μὲν
747 1911 896 1988 πολίταις
924 1917 1091 1992 συγχωρεῖ

73 2011 244 2098 διανέμειν
271 2013 311 2077 τὰ
340 2014 497 2098 δημόσια,
524 2024 593 2089 τοῖς
622 2008 658 2078 δέ
687 2013 870 2098 συμμάχοις
897 2013 959 2078 οὐκ
986 2011 1040 2099 έᾷ,
1067 2012 1088 2096 ἣ

72 2131 140 2185 τῶν
170 2131 295 2185 κοινῶν
318 2131 384 2184 τῶν
407 2118 576 2205 ἡμετέρων
599 2116 672 2185 οὐδ’
699 2120 781 2204 ημῖν
805 2129 972 2204 συγχωρεῖ
991 2115 1090 2203 μέρος

74 2226 262 2310 λαγχάνειν.
306 2223 362 2290 καὶ
386 2220 482 2302 οὗτος
506 2226 699 2310 ὡμολόγησε
721 2227 759 2291 τὸ
782 2221 860 2290 καθ’
886 2224 971 2308 ἡμᾶς
991 2221 1090 2309 μέρος

76 2331 117 2397 ού
140 2330 282 2396 κωλύειν
300 2339 358 2414 τῆς
374 2333 585 2417 κληρουχίας,
608 2330 667 2396 ἐάν
686 2331 787 2395 ἀπασι
810 2338 913 2420 ταῦτα
933 2329 1090 2425 κράτιστα
1103 2349 1137 2388 20-

75 2433 162 2503 εἷναι
186 2438 281 2523 δοκῇ·
309 2435 365 2502 καὶ
387 2438 407 2521 ἡ
432 2439 639 2523 συγχώρησις
661 2438 720 2521 ἥδε
744 2438 822 2514 τούς
844 2460 879 2502 τε
903 2436 1091 2524 δημάρχους

76 2543 232 2626 έποίησεν
259 2545 339 2629 ἡμῖν
368 2545 617 2629 συναγωνιστάς
643 2542 699 2610 καὶ
726 2546 785 2610 τὸν
816 2545 923 2628 δῆμον
956 2541 1092 2609 ἐπιεικέ-

78 2667 206 2733 στερον.
250 2655 285 2716 τί
305 2646 368 2717 οὖν
390 2654 566 2735 μαθόντες,
589 2651 609 2716 ἀ
627 2654 700 2717 τότε
719 2652 1007 2737 συνεχωρήσαμεν,
1027 2653 1127 2716 νῦν2

78 2756 334 2842 ἀναθησόμεθα;
362 2758 383 2842 ἣ
411 2760 446 2823 τί
469 2756 571 2824 πλέον
597 2757 678 2841 ἡμῖν
701 2759 792 2822 ἔσται
814 2757 855 2823 τά
878 2766 1014 2840 γενναῖα
1036 2754 1092 2821 καὶ

77 2865 118 2928 τά
147 2865 231 2928 καλά
260 2865 481 2948 πολιτεύματα
510 2862 566 2929 καὶ
596 2863 670 2942 ἀξια
702 2872 760 2948 της
790 2863 968 2948 ἡγεμονίας
999 2867 1093 2928 πολι·
1107 2880 1134 2922 25

78 2966 281 3054 πενομένοις,
312 2969 369 3035 έάν
400 2971 444 3054 μη
474 2973 644 3055 πείθωμεν
673 2971 753 3046 τοὺς
781 2968 1021 3055 χρησομένουςς
1052 2967 1093 3034 ού

152 3202 168 3251 2
188 3197 219 3252 δὲ
239 3214 292 3253 om.
311 3196 337 3249 A
391 3204 407 3252 8
427 3197 573 3268 γραφδνΟ
594 3197 714 3269 γράφειν
729 3196 819 3251 Cobet
833 3196 898 3251 obs.
914 3215 941 3264 p.
958 3201 1010 3249 170
1060 3199 1093 3248 15

79 3269 193 3323 τουτονὶ
211 3285 234 3322 ο.
254 3268 377 3323 Reudler
394 3268 484 3324 Tiroc.
504 3269 565 3325 crit.
581 3287 609 3339 p.
624 3273 658 3324 58
675 3275 679 3335 Ι
696 3266 756 3338 έχοι
773 3267 800 3322 Α
854 3273 888 3321 20
906 3266 958 3336 τὴν
977 3269 1095 3392 κληὸου·

80 3341 147 3410 χίαν
166 3356 188 3395 ο.
208 3339 331 3409 Sylburg
351 3339 470 3407 Ι*πᾶσι
489 3340 512 3395 0
568 3345 602 3395 23
621 3337 801 3402 καθόντεςθ
820 3339 850 3391 et
868 3354 891 3392 ο.
906 3337 1008 3392 Garrer
1051 3336 1094 3394 bs.

80 3429 108 3481 p.
124 3416 158 3465 19
232 3414 265 3465 25
284 3410 473 3482 πολιτεύματα
492 3412 643 3468 delendum
662 3410 775 3466 videtur

135 3511 236 3551 mom.
251 3509 314 3552 Ηετι.
324 3511 369 3551 111.
396 3521 434 3551 το.
447 3511 550 3552 ῖιοοετ.
903 3504 937 3552 16
