2424 3848
170 175 213 239 νο
595 178 758 226 ..z-

104 372 107 377 ·
171 338 189 405 ὁ
208 341 315 422 λόγος.
353 336 459 421 ἐβόων
478 338 541 421 γάρ
561 339 627 421 άμα
645 335 701 402 καὶ
720 333 882 414 ἐξέκλειον
901 335 1075 420 ἀλλήλους,
1099 337 1203 403 ὥστεΙ

170 445 214 530 μὴ
243 442 363 531 ῥᾴδιον
390 438 478 509 εἶναι
507 454 576 520 τοῖς
597 452 741 528 παροῦσι
763 442 821 518 τάς
845 443 993 518 διανοίας
1015 441 1126 508 αὐτῶν
1152 444 1186 525 [ὅ

169 575 201 615 τι
223 552 415 635 βούλονται]
442 551 601 615 συνιδεῖν.

235 655 322 722 XVI.
351 655 542 722 Ἐδικαίουν
571 654 600 721 δ’
628 657 664 722 οί
688 651 749 740 μὲν
777 655 898 720 ὑπατοι
927 656 988 739 τὴν
1011 657 1186 741 κρείττονα

143 766 299 849 τέχοντες
322 761 475 842 ἐξουσίαν
498 762 653 829 ἁπάντων
676 764 790 848 άρχειν
810 772 878 827 τῶν
901 761 937 827 ἐν
959 769 998 846 τῇ
1022 764 1128 846 πόλει,
1152 763 1190 827 οί

171 865 208 935 δέ
227 871 390 955 δήμαρχοι
409 871 470 954 τὴν
490 868 666 952 ἐκκλησίαν
685 867 813 934 ἑαυτῶν
832 863 918 934 εἶναι
932 872 1055 954 χωρίον
1074 869 1186 955 ὥσπερ

170 975 306 1041 ἐκείνων
329 976 391 1059 τὴν
414 976 557 1059 βουλήν,
585 972 641 1040 καὶ
664 975 770 1041 ὁπόσα
793 971 847 1039 ἐπὶ
870 985 939 1050 τοῖς
962 975 1120 1058 δημόταις
1141 969 1188 1058 ἦν

169 1085 296 1166 κρίνειν
319 1105 353 1146 τε
376 1079 431 1147 καὶ
453 1084 669 1166 ψηφίζεσθαι,
691 1081 818 1146 τούτων
837 1077 931 1145 αὐτοὶ
949 1089 1017 1145 πᾶν
1040 1082 1127 1166 ἔχειν
1146 1084 1187 1147 τὸ

169 1188 295 1271 κράτος.
338 1190 578 1272 συνηγωνίζετο
599 1183 636 1252 δὲ
654 1198 724 1263 τοῖς
745 1183 806 1270 μὲν
827 1186 848 1270 ἡ
867 1188 1000 1271 πληθὺς
1018 1185 1187 1270 ἐπιβοῶσα

130 1315 157 1356 10
170 1292 224 1360 καὶ
252 1294 352 1379 ὁμόσε
380 1305 513 1380 χωρεῖν,
543 1295 575 1358 εί
601 1291 687 1377 δέοι,
714 1303 784 1369 τοῖς
810 1293 978 1358 κωλύουσι
1004 1309 1188 1377 παρεσκευ-

170 1400 313 1486 ασμένη,
349 1413 419 1478 τοῖς
446 1398 475 1465 δ’
510 1400 647 1477 ὑπάτοις
679 1400 714 1465 οί
743 1402 909 1486 πατρίκιοι
941 1397 1187 1484 συστρέψαντες

135 1507 300 1583 2αὑτούς.
345 1505 471 1590 ἐγίνετο
503 1503 540 1571 δέ
567 1508 673 1582 πολὺς
703 1504 795 1589 ἀγὼν
825 1503 901 1591 περὶ
932 1515 994 1570 τοῦ
1025 1506 1069 1589 μη
1101 1501 1187 1584 εἶξαι

170 1612 350 1699 ἑκατέροις,
382 1613 427 1688 ὡς
454 1612 491 1678 ἐν
518 1620 578 1699 μιᾷ
606 1620 645 1696 τῇ
673 1615 745 1676 τότε
775 1612 855 1698 ὑττη
884 1610 1187 1698 παραχωρουμένης

169 1728 227 1803 τῆς
249 1721 297 1796 είς
314 1721 373 1785 τὸν
393 1720 511 1784 λοιπὸν
528 1721 651 1803 χρόνον
671 1715 833 1803 ἑκατέρων
853 1719 1062 1795 δικαιώσεως.
1091 1719 1187 1802 ἥλιός

130 1842 156 1883 15
169 1849 203 1890 τε
235 1823 311 1912 περὶ
338 1825 530 1911 καταφορὰν
559 1819 601 1909 ἦν
629 1826 710 1908 ἤδη,
741 1822 797 1888 καὶ
829 1823 1024 1910 συνέτρεχεν
1052 1822 1088 1889 ἐκ
1116 1836 1186 1890 τῶν

171 1934 285 1998 οίκιῶν
314 1933 352 1997 τὸ
380 1933 460 1997 άλλο
484 1936 614 2015 πλῆθος
636 1933 683 2007 είς
705 1932 766 2015 τὴν
789 1930 926 2017 άγοράν,
954 1929 1008 1996 καὶ
1033 1933 1185 2017 ἐμελλον,

171 2042 201 2104 εί
222 2038 283 2116 νὺξ
308 2037 525 2121 ἐπιλαμβάνοι
543 2037 604 2120 τὴν
623 2039 706 2121 ἐριν,
729 2039 776 2112 είς
798 2036 925 2120 πληγάς
942 2060 976 2102 τε
995 2036 1050 2102 καὶ
1074 2041 1185 2104 λίθων

135 2145 333 2231 3χωρησειν
352 2144 460 2228 βολάς.
488 2145 544 2208 ἵνα
563 2145 604 2228 δη
624 2145 668 2228 μη
687 2151 785 2209 τοῦτο
804 2141 946 2228 γένοιτο,
965 2145 1143 2230 προελθὼν
1164 2145 1212 2212 δι

169 2255 317 2337 Βροῦτος
326 2253 403 2327 τοὺς
415 2251 561 2327 ὑπάτους
574 2249 669 2335 ἠξίου
684 2251 804 2316 δοῦναι
814 2253 915 2332 λόγον
926 2250 1027 2337 αὐτῷ,
1040 2253 1183 2317 παύσειν

130 2372 157 2413 2⁰
170 2358 433 2443 ὑπισχνούμενος
464 2359 525 2442 τὴν
552 2358 676 2423 στάσιν.
722 2355 869 2422 κάκεῖνοι
902 2356 1056 2434 δόξαντες
1087 2362 1186 2443 σφίσι

6 2449 14 2471 ³
168 2470 480 2549 παρακεχωρῆσθαι,
499 2463 549 2528 ὅτι
567 2474 634 2528 τῶν
653 2463 831 2549 δημάρχων
849 2467 1024 2550 παρόντων
1042 2464 1083 2529 οὐ
1101 2462 1181 2549 παρ’

169 2571 305 2636 ἐκείνων
324 2569 342 2635 ὁ
368 2570 562 2652 δημαγωγὸς
578 2567 720 2655 ᾐτήσατο
739 2571 801 2653 την
819 2569 928 2654 χάριν,
951 2567 1186 2655 ἐπιτρέπουσιν

169 2677 257 2765 αὐτῷ
281 2673 399 2759 λέγειν.
436 2685 561 2759 σιωπῆς
589 2671 626 2740 δέ
649 2673 829 2759 γενομένης
851 2677 932 2741 άλλο
956 2671 1016 2760 μέν
1040 2672 1140 2741 οὐδέν
1164 2677 1184 2743 ὁ

169 2788 317 2870 Βροῦτος
339 2778 442 2865 εἶπεν,
464 2783 612 2865 ἠρώτησε
633 2778 670 2846 δέ
688 2785 767 2858 τοὺς
784 2781 930 2858 ὑπάτους
950 2781 1083 2848 τοιάνδε
1106 2785 1183 2848 τινά

132 2865 341 2976 4ἐρώτησιν·
368 2881 450 2975 Ἆρά
478 2885 523 2972 γ’,
556 2890 635 2974 ἐφη,
663 2884 842 2973 μέμνησθ’,
870 2888 920 2953 ὅτι
949 2888 1184 2974 διαλυομένοις

128 2938 155 2979 25

240 3087 255 3134 2
275 3080 318 3135 ὅτι
336 3080 485 3205 ἓοὺλονται
504 3080 559 3134 del.
574 3079 674 3135 Garrer
689 3080 754 3136 obs.
768 3099 795 3150 p.
811 3085 846 3135 34
901 3087 917 3134 8
935 3087 1031 3149 κρῖναι
1044 3079 1070 3133 Δ
1086 3083 1184 3152 κρίναι

167 3153 316 3221 Βκρίνειν
354 3151 457 3220 ylburg
525 3153 759 3223 9συνηγωνίζετο
777 3151 801 3204 Β
821 3154 1040 3221 συνηγωνίζοντο
1058 3151 1084 3204 R
1148 3160 1182 3208 12

168 3223 271 3285 αὑτοὺς
294 3223 346 3275 ΑΒ
376 3225 380 3293 Ι
415 3217 538 3292 ἐγίγνετο
562 3221 617 3275 ΑΒ
641 3217 747 3292 ἐγίνετο
772 3223 796 3276 R
823 3225 899 3290 quod
928 3222 983 3277 def.
1008 3222 1182 3292 Grasberger

167 3293 331 3362 Philologus
346 3300 380 3349 ‘28
399 3295 490 3364 (1869)
504 3312 530 3362 p.
546 3300 597 3348 549
672 3299 704 3348 18
720 3295 873 3364 παρελθὼν
892 3311 915 3348 ο.
929 3292 1074 3362 Kiessling
1148 3301 1181 3349 19

167 3370 294 3433 δοθῆναι
308 3363 330 3419 Ο
350 3366 452 3419 δοῦναι
465 3365 512 3418 vel
524 3365 673 3435 προελθὼν
687 3372 745 3426 τοῖς
758 3363 875 3427 ὑπάτοις
890 3397 923 3405 -
938 3366 1064 3433 δοθῆναι
1077 3365 1182 3419 Reiske

168 3437 202 3492 cf.
223 3433 345 3491 Sintenis
364 3436 424 3488 Em.
443 3435 524 3491 Dion.
544 3436 630 3490 11111
