2424 3848
135 159 201 225 362
557 159 725 213 -Θ-

133 322 330 406 ἠναγκάσθη
354 319 495 404 ἀπάγειν
517 323 577 386 τὸν
601 323 742 407 στρατὸν
765 319 801 386 έκ
823 329 881 405 τῆς
903 323 1074 407 πολεμίας,
1096 321 1153 390 καὶ

134 429 170 494 οί
209 428 418 493 Οὐολοῦσκοι
457 426 614 494 ἀπιοῦσιν
655 424 811 512 ἑπόμενοι
852 430 997 504 πολλοὺς
1038 427 1151 496 αὐτῶν

98 532 338 601 6ἀπέκτειυαν.
384 533 428 610 ὡς
457 529 487 598 δ’
510 533 547 599 έν
569 542 609 618 τῇ
633 538 729 622 φιλία
751 530 921 618 ἐγένοντο,
950 537 1151 619 συναγαγὼν

133 641 181 716 είς
210 639 386 723 ἐκκλησίαν
416 639 538 718 αὐτοὺς
567 639 585 706 ὁ
614 639 739 717 ὕπατος
765 638 821 705 καὶ
848 641 955 706 πολλὰ
984 641 1152 720 ὀνειδίσας

106 748 196 831 τέφη
219 747 402 831 χρήσεσθαι
426 754 464 831 τῇ
487 747 569 812 κατὰ
592 757 658 812 τῶν
681 750 887 813 λιποτακτῶν
910 746 1056 813 κολάσει.
1095 746 1151 815 καὶ

133 853 240 919 πολλά
263 851 432 937 δεομένων
454 863 521 918 τῶν
544 857 757 940 πρεσβευτῶν
779 851 835 918 καί
857 864 924 919 τῶν
948 854 1060 920 ἀλλων
1082 864 1151 919 τῶν

134 957 171 1024 έν
201 957 287 1024 τέλει
320 960 508 1044 μετριάσαι,
539 957 595 1024 καὶ
627 961 671 1044 μη
703 961 880 1046 συμφοράν
910 957 963 1025 ἐπὶ
994 970 1152 1049 συμφορᾷ

132 1072 332 1151 προσθεῖναι
350 1074 389 1151 τη
407 1068 513 1149 πόλει,
531 1068 634 1149 λόγον
651 1065 790 1143 οὐδενὸς
803 1067 914 1132 αὐτῶν
927 1066 1152 1151 ποιησάμενος

99 1170 278 1256 Ἱέκύρωσε
305 1174 366 1257 τὴν
392 1175 538 1239 κόλασιν.
583 1170 639 1237 καί
662 1174 742 1257 μετδι
764 1170 859 1239 τοῦθ’
889 1172 924 1237 οί
944 1176 1085 1256 λοχαγοί
1105 1196 1151 1258 τε,

94 1305 120 1345 10
134 1270 182 1342 ὧν
210 1278 246 1344 οί
269 1282 363 1365 λόχοι
390 1281 533 1365 ἔφυγον,
563 1276 618 1344 καί
646 1280 682 1345 οί
705 1281 870 1365 πρόμαχοι
896 1288 965 1343 τῶν
993 1282 1151 1363 σημείων,

134 1384 206 1450 ὅσοι
238 1386 279 1450 τδι
312 1396 430 1470 σημεῖα
459 1383 727 1469 ἀπολωλέκεσαν,
759 1386 795 1451 οί
822 1382 883 1470 μὲν
912 1382 1043 1450 πελέκει
1072 1388 1151 1463 τοὺς

133 1490 275 1577 αὐχένας
302 1491 528 1576 ἀπεκόπησαν,
556 1492 592 1557 οί
617 1489 655 1557 δὲ
678 1491 790 1571 ξύλοις
811 1494 986 1576 παιόμενοι
1009 1491 1151 1577 διεφθά-

134 1615 253 1682 ρησαν·
278 1597 313 1663 έκ
337 1595 375 1662 δέ
397 1608 458 1664 τοῦ
477 1599 581 1664 ἀλλον
598 1601 752 1683 πληδονς
771 1599 835 1665 ἀπὸ
854 1599 995 1674 δεκάδος
1014 1594 1150 1682 ἑκάστης

133 1695 181 1779 εἷς
203 1702 288 1788 ἀνὴρ
311 1704 329 1768 ὁ
354 1704 464 1789 λαχῶν
486 1704 598 1794 κλήρῳ
620 1705 686 1789 πρὸ
707 1715 776 1770 τῶν
796 1704 908 1770 ἀλλων
926 1702 1206 1788 ἀπέδνησκεναεὸι

94 1834 120 1875 ιτ
134 1809 216 1892 αὕτη
238 1806 410 1893 Ῥωμαίοις
436 1809 572 1895 πάτριός
599 1807 669 1874 έστι
694 1811 776 1877 κατὰ
803 1819 870 1876 τῶν
898 1812 1066 1876 λιπόντων
1093 1811 1150 1888 τάς

133 1913 239 1992 τάξεις
261 1914 282 1999 ἢ
305 1912 498 2000 προεμένων
521 1915 580 1993 τάς
603 1919 744 2000 σημαίας
765 1916 786 2000 ἡ
810 1918 952 1993 κόλασις.
988 1913 1045 1982 καὶ
1069 1917 1148 2002 μετὰ

94 2055 101 2069 ,
132 2016 222 2086 ταῦτ’
246 2021 346 2098 αὐτός
367 2044 402 2086 τε
425 2022 626 2107 μισούμενος
648 2023 666 2089 ὁ
691 2025 871 2108 στρατηγὸς
892 2019 948 2088 καὶ
971 2031 1029 2107 τῆς
1052 2040 1148 2109 στρα-

132 2136 203 2204 τιῶς
231 2128 312 2194 ὅσον
337 2130 385 2193 ἔτι
407 2138 526 2215 περιην
548 2124 692 2213 κατηφὲς
713 2127 770 2194 καὶ
792 2129 911 2213 άτιμον
934 2127 1146 2214 ἐπαγόμενος,

132 2244 199 2299 τῶν
223 2231 443 2321 ἀρχαιρεσίων
464 2238 684 2319 καθηκόντων
708 2231 909 2321 ἀνέστρεψεν
932 2236 980 2311 είς
1003 2236 1065 2319 τὴν
1088 2256 1146 2301 πα-

93 2365 119 2405 20
132 2341 237 2425 τρίδα.

198 2445 253 2512 LI
281 2443 565 2532 Ἀποδειχδέντωυ
589 2444 626 2512 δὲ
649 2471 708 2533 μετ
709 2445 923 2524 ’έκείνους“
906 2447 1043 2513 υπάτων
1062 2451 1145 2513 Λευ-

132 2660 260 2744 βραχύν
282 2682 357 2724 τινα
379 2661 503 2744 χρόνον
525 2659 715 2746 ἐπισχόντες
737 2661 774 2726 οί
793 2662 958 2746 δήμαρχοι
979 2662 1039 2725 τὸν
1023 2555 1143 2744 ἰυπδρ

132 2768 331 2851 κληρουχίας
352 2765 453 2831 πάλιν
475 2767 610 2849 εἰσῆγον
634 2770 749 2851 λόγον·
781 2765 837 2832 καὶ
859 2768 1056 2852 προσιόντες
1078 2777 1145 2843 τοῖς

92 2891 118 2932 ω
131 2871 270 2948 ὑπάτοις
298 2869 414 2954 ἠξίουν
443 2875 623 2956 βεβαιῶσαι
653 2882 698 2961 τῷ
730 2874 824 2962 δημω
854 2873 912 2949 τὰς
940 2869 1144 2959 ὑποσχέσεις,

132 2978 170 3056 ἃς
193 2976 368 3061 ἐποιήσατο
390 2978 411 3062 ἡ
435 2980 540 3063 βουλὴ
564 2982 716 3066 Σπορίου
735 2981 886 3045 Κασσίου
909 2975 965 3044 καὶ
987 2982 1158 3065 Πρόκλου

130 3133 450 3277 1Ἓλπ>άηεινΒ
522 3141 539 3190 2
564 3155 579 3189 ο
581 3131 674 3190 ί.ειδδ
693 3134 716 3188 Β
742 3138 745 3202 Ι
773 3134 991 3208 Οόολοῶσ<κοι>
1011 3135 1059 3191 Bb
1130 3139 1145 3188 5

151 3213 237 3260 om
298 3226 313 3260 τ
315 3209 458 3279 ῇπατρίῳ
477 3222 501 3265 ο.
514 3205 644 3274 Reiskel
669 3210 843 3262 λιποτακτῶν
862 3206 908 3260 Ba
927 3207 957 3260 et
975 3205 1146 3277 Grasberger

132 3295 169 3402 ί
172 3277 350 3405 ἳῗωΗέλ
352 3283 411 3404 143²
422 3281 602 3411 §.m
585 3298 627 3403 ⁰⁰}
642 3276 668 3330 R
700 3277 1023 3422 1⁵2212>523233½A⁰
1049 3282 1147 3418 ιιλο

131 3420 217 3487 μαίας
236 3417 256 3473 O
275 3419 310 3474 cf.
330 3419 419 3474 Cobet
438 3419 503 3475 obs.
521 3438 549 3490 p.
572 3424 622 3474 168
642 3421 757 3489 σημείας
774 3419 800 3473 R

69 3558 176 3616 fl
