2378 3840
518 183 687 233 -H-

18 339 124 409 1526'A
146 337 210 425 μὲν
232 339 413 427 ἐψήφισται
436 344 474 408 τὸ
496 344 612 408 κοινὸν
635 343 741 427 ὑμῶν,
764 344 830 429 ἔχει
854 348 962 420 καλῶς
984 340 1039 408 καὶ
1062 367 1113 426 γι-

88 446 203 514 νέσθω
227 449 310 514 κατὰ
334 451 393 515 τὸν
416 451 541 515 οίκείον
563 448 683 515 ἕκαστα
705 452 836 534 καιρόν·
860 449 896 514 ἐν
920 449 988 539 ὅσω
1012 446 1049 515 δέ
1072 451 1113 515 τά

88 557 321 641 στρατεύματα
338 554 472 640 μέλλετε
486 557 711 642 καταγράφειν
724 554 780 622 καὶ
793 551 897 622 τᾶλλα
911 557 1112 639 εὐτρεπίζειν

88 660 209 739 ἕξοντά
232 686 325 741 τινας
348 664 458 749 ὥσπερ
481 665 570 740 είκὸς
592 661 749 749 ἀσχολίας
766 660 821 728 καὶ
840 662 1023 748 διατριβάς,
1046 662 1110 746 ἐγὼ

88 764 146 833 καὶ
174 769 303 847 Τύλλος
330 772 430 854 ἔργου
459 768 620 854 ἐχώμεθα.
666 769 758 846 ὅσοις
786 764 848 835 οὑν
873 769 968 853 ὑμῶν
991 773 1111 854 βουλο-
1139 791 1152 832 ι

89 875 206 960 μένοις
230 874 299 942 ἐστὶ
317 885 543 963 προνομεῦσαι
560 877 622 958 τήν
639 887 706 942 τών
723 879 891 960 πολεμίων
910 874 965 941 καὶ
983 879 1111 961 πολλὴν

89 980 318 1067 ἀποτεμέσθαι
341 987 446 1066 λείαν,
469 989 517 1048 ίτε
537 984 601 1049 σὺν
619 981 709 1068 ἡμῖν.
745 981 950 1068 ὑποδέχομαι
970 981 1001 1048 δ’
1018 985 1111 1068 ὑμῖν,

88 1088 151 1154 ἐάν
173 1090 254 1166 θεὸς
278 1089 438 1176 συλλάβη,
460 1090 585 1166 πολλάς
606 1087 663 1154 καί
680 1090 782 1166 καλάς
800 1090 921 1154 δώσειν
941 1090 1110 1173 ὠφελείας.

89 1196 141 1261 ἐτι
164 1195 228 1280 γάρ
252 1193 479 1281 άπαράσκενοί
498 1197 563 1261 είσι
576 1193 729 1280 Ῥωμαῖοι
754 1195 899 1281 δύναμιν
918 1197 1010 1262 ούπω
1031 1203 1145 1266 ‹xvv-3

89 1312 270 1384 εστηκυίαν
293 1301 434 1388 δρῶντες
456 1300 631 1388 ὑμετέραν,
653 1299 729 1367 ὥστ’
751 1300 855 1378 άδεώς
873 1302 953 1386 ἡμῖν
972 1301 1110 1386 ὑπάρξει
1125 1325 1167 1366 ιο4

88 1417 202 1473 πᾶσαν
233 1407 315 1492 ὅσην
345 1407 388 1474 άν
417 1410 620 1493 βουλώμεθα
653 1417 711 1491 τῆς
744 1406 881 1474 ἐκείνων
914 1410 1023 1495 χώρας
1053 1433 1111 1473 κα-

87 1515 282 1599 ταδραμεῖν.

158 1619 232 1684 XII.
252 1618 523 1704 Ἀποδεξαμένων
543 1616 581 1685 δὲ
598 1618 654 1685 καὶ
671 1620 795 1704 ταύτην
813 1621 875 1703 τήν
893 1622 1030 1705 γνώμην
1043 1631 1110 1687 τῶν

88 1727 318 1793 Οὐολούσκων
346 1725 483 1814 ἐξῄεσαν
512 1728 548 1794 οί
572 1726 749 1813 στρατηγοὶ
777 1729 833 1792 διά
861 1726 1003 1812 ταχέων,
1030 1726 1110 1814 πρὶν

88 1835 237 1899 ἔκπυστα
268 1832 428 1917 γενέσθαι
453 1830 624 1917 Ῥωμαίοις
654 1833 694 1897 τά
726 1835 950 1918 βουλεύματα,
981 1837 1110 1920 πολλήν
1124 1856 1151 1898 ιι

90 1939 290 2024 ἐπαγόμενοι
313 1941 470 2025 στρατιάν
493 1936 660 2005 ἑκούσιον·
684 1934 724 2022 ής
744 1937 844 2025 μέρος
862 1936 923 2024 μέν
943 1941 960 2007 ὁ
984 1941 1111 2017 Τύλλος

16 2048 179 2131 Ιτκῖέχων
206 2047 254 2122 είς
275 2046 336 2128 τήν
359 2049 515 2111 Λατίνων
538 2047 650 2131 χώραν
674 2043 846 2129 ἐνέβαλεν,
874 2045 930 2111 ἵνα
952 2047 1110 2130 περισπά-

90 2168 160 2218 σειε
182 2163 251 2217 τῶν
272 2156 441 2237 πολεμίων
463 2152 524 2235 τήν
547 2152 677 2216 ἐκεῖθεν
700 2149 905 2236 ἐπικουρίαν,
927 2152 964 2217 τὸ
986 2148 1023 2217 δέ
1042 2156 1110 2218 λοι-

88 2261 157 2325 πὸν
180 2258 198 2324 δ
221 2259 375 2342 Μάρκιος
403 2259 494 2340 άγων
522 2256 575 2323 ἐπὶ
602 2261 663 2342 τήν
680 2255 849 2342 Ῥωμαίων
876 2259 1008 2342 ήλασεν.
1055 2250 1144 2328 οἷα2

91 2361 123 2430 δ’
154 2364 406 2450 ἀπροσδοκήτου
434 2364 538 2449 <τοὺ>
572 2375 676 2431 κακοῦ
704 2376 773 2441 τοῖς
799 2365 881 2430 κατὰ
908 2366 970 2448 τήν
997 2367 1109 2451 χώραν
1124 2387 1150 2428 εο

90 2473 323 2557 διατρίβουσιν
347 2470 560 2547 ἐπιπεσόντος
577 2471 683 2536 πολλά
702 2467 763 2556 μὲν
782 2468 867 2536 ἑάλω
887 2473 1021 2555 σώματα
1034 2470 1111 2537 Ῥω·
1178 2556 1185 2562 ρ

91 2581 201 2663 μαίων
231 2575 409 2661 ἐλεύθερα,
438 2578 545 2642 πολλά
575 2572 605 2641 δ’
635 2575 845 2663 άνδράποδα,
874 2580 965 2660 βοῶν
992 2601 1027 2642 τε
1054 2575 1110 2643 καὶ

89 2684 280 2767 ὑποζυγίων
304 2680 359 2747 καὶ
382 2693 449 2747 τών
468 2683 579 2749 άλλων
598 2682 816 2767 βοσκημάτων
834 2691 942 2768 χρῆμα
961 2683 1023 2749 οὑκ
1041 2683 1109 2749 ὀλί-

90 2808 166 2873 γον·
191 2791 282 2864 σῖτός
304 2785 339 2852 θ’
363 2788 442 2865 ὅσος
464 2787 693 2874 ἐγκατελήφθη
717 2786 773 2853 καί
791 2789 927 2874 σίδηρος
944 2787 999 2853 καὶ
1018 2788 1110 2866 ὅσοις

89 2898 206 2972 άλλοις
228 2896 319 2979 χώρα
342 2906 550 2980 γεωργεῖται,
576 2897 616 2959 τά
638 2891 699 2979 μὲν
723 2895 895 2981 ἡρπάσθη,
918 2895 958 2959 τά
982 2891 1019 2959 δέ
1043 2896 1109 2960 διε-
1123 2911 1149 2952 25

89 3004 217 3089 φθάρη.
248 3007 466 3078 τελευτῶντες
483 3003 546 3087 γάρ
565 3001 704 3086 καὶπῦρ
724 3004 771 3077 είς
789 3003 846 3078 τάς
869 3002 972 3078 αὐλάς
989 2999 1110 3087 φέρον-

90 3133 144 3187 τες
167 3106 347 3193 ἐνέβαλλον
372 3108 596 3192 Οὐολοῦσκοι,
624 3108 706 3172 ὥστε
730 3112 856 3174 πολλοῦ
879 3111 1004 3193 χρόνον
1027 3105 1104 3193 μηδ’

163 3308 180 3355 4
198 3299 279 3363 τινάς
296 3315 365 3354 corr.
387 3316 401 3353 ο
419 3299 484 3354 τινὰ
501 3300 549 3353 Bb
617 3306 652 3354 20
670 3307 720 3353 τοῦ
739 3298 803 3351 add.
824 3298 996 3369 Grasberger
1014 3299 1108 3354 Philo-

92 3374 174 3442 logus
193 3379 228 3427 28
248 3372 341 3440 (1869)
358 3388 386 3440 p.
401 3375 453 3426 548
508 3377 541 3425 25
561 3369 596 3424 τδι
615 3371 702 3440 χωρία
721 3368 745 3423 Α
764 3372 852 3440 χωρία
869 3371 893 3423 Β
912 3372 988 3441 χώρα
1007 3388 1030 3429 ο.
1046 3371 1109 3430 Sin·

91 3445 166 3498 tenio
184 3442 246 3497 Em.
265 3441 347 3496 Dion.
365 3442 405 3495 III
425 3447 458 3497 15
477 3441 512 3496 cf.
534 3442 596 3496 VIII
616 3447 658 3511 13,
678 3447 694 3495 2
758 3447 792 3494 27
812 3438 969 3499 οῑολούσκοι
986 3443 1009 3496 Β
