2378 3840
494 190 655 239 -Ζ-
1015 186 1080 253 119

97 342 154 431 παρ’
174 349 259 435 ἡμῖν.
304 350 544 436 χερνιψάμενοί
568 372 602 415 τε
632 351 695 435 γάρ
728 348 824 417 αὐτοὶ
853 348 908 416 καὶ
937 350 977 415 τά
1007 350 1080 437 λερά

94 457 204 545 καθαρηλ
225 461 496 541 περιαγνίσαντες
514 456 611 522 ὕθατι
630 455 685 522 καὶ
703 460 916 544 Δημητρίους
933 460 1082 543 καρπούς

92 550 300 648 ἐπιρράναντες
334 563 444 629 αὐτῶν
474 575 546 641 ταῖς
576 568 752 648 κεφαλαῖς,
785 566 895 629 ἔπειτα
926 562 1081 644 κατευξά-

89 683 173 753 μενοι,
193 670 294 735 θύειν
316 672 389 735 τότε
412 680 482 746 τοῖς
503 668 682 755 ὑπηρέταις
704 669 787 734 αὐτὰ
810 667 971 736 ἐκέλευον.
1013 681 1080 736 τῶν

88 765 111 831 θ’
127 775 158 840 οί
174 772 235 860 μὲν
259 773 399 853 ἑστῶτος
422 779 469 841 ἔτι
487 784 548 842 τοῦ
570 777 720 861 θύματος
741 776 885 864 σκυτάλη
903 778 982 853 τοὺς
1003 800 1080 862 κρο-
1105 798 1120 841 ε

85 877 190 965 τάφους
218 885 350 965 ἔπαιον,
378 883 413 948 ολ
434 878 472 948 θέ
494 885 671 960 πίπτοντος
692 881 894 948 ὑπετίθεσαν
916 882 973 960 τάς
995 899 1080 968 σφα-

81 986 177 1070 γίθας,
208 985 265 1053 καὶ
296 989 376 1072 μετὰ
406 998 506 1055 τοῦτο
539 986 706 1074 θείραντές
736 1010 771 1053 τε
802 985 858 1053 καὶ
889 992 1081 1073 μελίσαντες
1117 1013 1122 1028 ¹

78 1088 212 1180 άταρχάς
235 1094 423 1180 ἐλάμβανον
447 1093 480 1172 έξ
505 1091 644 1161 ἑκάστου
666 1095 858 1180 σπλάγχνου
880 1093 936 1160 καὶ
958 1097 1080 1173 παντὸς

74 1198 167 1266 άλλου
195 1200 331 1286 μέλους,
364 1200 403 1278 ἃς
430 1199 580 1286 ἀλφίτοις
612 1200 683 1281 ζέας
709 1201 951 1278 άναθεύσαντες
977 1217 1080 1288 προσ-

71 1303 183 1393 έφερον
212 1317 281 1385 τοῖς
304 1308 451 1373 θύουσιν
479 1305 532 1372 ἐπὶ
560 1319 685 1373 κανῶν·
715 1308 750 1375 ολ
771 1304 801 1372 θ’
829 1304 882 1373 έπλ
907 1309 986 1385 τοὺς
1013 1312 1077 1393 βω-
1092 1333 1119 1372 ιο

70 1416 147 1496 μοὺς
171 1412 341 1491 ἐπιθέντες
365 1413 518 1499 ὑφῆπτον
536 1410 591 1479 καὶ
609 1411 859 1500 προσέσπενδον
878 1408 973 1480 οίνον
995 1415 1078 1479 κατά

67 1530 129 1585 τῶν
147 1518 383 1605 ἁγνιζομένων.
429 1519 566 1586 ἕκαστον
585 1517 616 1585 θ’
640 1520 690 1585 ὅτι
708 1521 789 1586 κατὰ
807 1522 932 1605 νόμους
950 1519 1077 1605 ἐγίνετο
1090 1527 1131 1593 16

66 1629 140 1704 τοὺς
158 1624 245 1712 ἀμφὶ
262 1631 389 1692 θυσίαν
406 1623 464 1711 ὑφ’
483 1623 652 1710 Ἑλλήνων
671 1625 945 1712 κατασταθέντας,
966 1627 1003 1694 έκ
1020 1636 1077 1713 τῆς

12 1727 202 1819 ιιιοὉμῆρου
225 1736 388 1817 ποιῆσεως
410 1744 536 1816 γνῶναι
564 1730 693 1821 ῥᾴδιον.
738 1732 794 1799 καὶ
820 1716 883 1818 γάρ
906 1757 1076 1822 χερνιπτο-

62 1836 181 1921 μένους
210 1840 336 1922 είσάγει
365 1842 443 1916 τοὺς
469 1839 579 1925 ῆρωας
606 1837 661 1904 καὶ
689 1839 803 1917 οὐλαῖς
825 1839 1015 1926 χρωμένους
1036 1841 1075 1908 ἐν
1089 1865 1115 1908 ιο

62 1935 111 2022 οίς
133 1962 229 2030 φησι·

127 2072 338 2155 Χερνίψαντο
362 2067 393 2135 θ’
421 2072 532 2136 ἔπειτα
554 2068 609 2134 καὶ
633 2069 814 2156 οὐλοχύτας
837 2069 1004 2137 ἀνέλοντο.

61 2194 337 2279 τριχοτομοῦντάς
368 2189 398 2258 τ’
436 2192 500 2259 άπὸ
530 2204 588 2278 τῆς
617 2199 760 2279 κεφαλῆς
794 2195 851 2272 τάς
880 2198 992 2282 τρίχας
1020 2192 1075 2261 καὶ

61 2298 215 2376 τιθέντας
237 2297 290 2366 ἐπὶ
313 2302 350 2366 τὸ
374 2310 440 2386 πῦρ
465 2294 529 2365 ὧδε
552 2301 706 2386 γράφων·

122 2418 211 2489 Ἀλλ’
225 2424 243 2489 ὅ
257 2418 289 2508 γ’
302 2425 528 2511 ἀπαρχόμενος
542 2429 686 2510 κεφαλῆς
699 2427 812 2512 τρίχας
825 2424 862 2491 έν
873 2425 954 2511 πυρὶ
963 2428 1074 2512 βάλλε.
1088 2452 1114 2492 ω

63 2549 237 2626 σκυτάλαις
260 2573 294 2614 τε
317 2551 474 2626 παίοντας
497 2550 536 2614 τὰ
559 2549 691 2633 μέτωπα
713 2560 780 2615 τῶν
805 2550 934 2630 ίερείωυ
956 2549 1012 2617 καὶ
1035 2553 1074 2617 τά

62 2657 203 2722 πεσόντα
225 2656 383 2738 θύοντας,
407 2655 451 2733 ὡς
473 2652 526 2720 ἐπὶ
549 2664 606 2739 τῆς
628 2655 780 2739 Εὐμαίου
802 2666 893 2721 ποιεί
911 2660 1045 2733 θυσίας·

126 2780 221 2871 Κόῆις
246 2776 274 2844 θ’
299 2778 528 2864 ἀπαρχόμενος
550 2783 642 2866 σχίζη
667 2781 779 2866 θρυός,
801 2778 844 2862 ἣν
866 2781 940 2844 λίπε
963 2782 1074 2846 κείων.

131 2888 198 2952 Τὸν
223 2881 253 2950 θ’
282 2887 372 2950 ἔλιπε
394 2887 497 2971 φυχῆ·
526 2884 577 2951 τοὶ
601 2882 631 2950 θ’
659 2885 803 2972 ἔσφαξάν
826 2908 861 2950 τε
883 2887 939 2950 καί
961 2880 1072 2952 εὗσαν.

63 3007 208 3094 ἀπαρχάς
234 3006 263 3075 τ’
290 3008 354 3075 άπὸ
381 3020 449 3074 τῶν
477 3009 686 3095 σπλάγχνων.
701 3007 757 3074 καὶ
784 3008 848 3075 άπὸ
868 3013 938 3075 Ιτῶν
960 2992 1125 3108 όίλλωνξ,7

131 3165 307 3236 θθήμητρος
326 3165 349 3220 0
368 3182 438 3221 corr.
461 3166 590 3222 Meineke
613 3166 684 3219 Ann.
709 3166 777 3236 phil.
802 3171 869 3221 1863
887 3185 915 3237 p.
930 3172 982 3222 369
1055 3174 1072 3224 ό

64 3235 146 3307 θμὲν
162 3270 195 3279 -
211 3235 310 3292 ἔπαιεν
329 3253 353 3292 ο.
371 3236 515 3307 Kiessling
600 3236 868 3310 6πίπτοντ<ος>Β
959 3243 990 3292 11
1011 3234 1073 3295 ἐπι-

63 3307 161 3372 θέντες
179 3325 202 3362 ο.
221 3307 365 3378 Kiessling
384 3304 558 3371 ἐπιτιθέντες
577 3308 599 3362 Ο
674 3315 706 3362 12
721 3305 892 3378 ἁγιζομένων
906 3308 951 3374 ΑΙ
968 3308 1072 3386 <θ’θ>

63 3398 89 3433 τι
105 3381 128 3435 Β
201 3384 235 3435 17
255 3377 401 3450 ἀνέλοντο]
420 3379 612 3452 προυβάλοντο
626 3378 662 3446 Β;
681 3382 806 3435 ceterum
824 3395 920 3434 versus
934 3381 1072 3438 conflatus

64 3453 157 3506 estex
174 3449 206 3507 11
227 3470 246 3504 α
264 3455 316 3506 449
336 3452 365 3505 et
383 3455 435 3505 458
517 3456 552 3505 24
571 3448 728 3519 σφάξαντες
746 3446 831 3505 οὖσαν
850 3451 981 3522 άπαρχάσ
998 3472 1027 3509 τε
1046 3455 1072 3509 Α
